3020 3869
1507 269 1532 308 4

363 408 520 449 Contra
559 407 632 448 hos
671 411 796 459 poeta
835 420 920 448 rem
963 410 1080 447 extra
1120 407 1417 449 dubitationem
1459 412 1502 449 et
1539 409 1846 450 contentionem
1885 406 2061 457 positam
2104 417 2192 446 esse
2230 405 2352 457 dicit,
2408 407 2515 448 sicut
2557 407 2680 448 etiam

363 478 600 520 Hermanno
632 481 696 519 est
726 477 871 519 visum.
916 477 995 519 Sed
1025 477 1133 519 inest
1159 490 1252 519 inea
1280 478 1490 520 sententia
1519 481 1561 519 et
1589 478 1684 519 hoc:
1715 477 1894 519 fremant
1924 489 2063 518 omnes
2093 476 2202 526 licet,
2232 475 2361 518 dicam
2390 477 2499 529 quod
2529 477 2680 519 sentio:

364 551 615 602 quamquam
657 561 739 590 non
779 561 870 590 sum
909 549 1069 590 rixosus
1104 552 1146 590 et
1184 562 1343 590 omnem
1386 549 1498 590 litem
1538 550 1697 591 evitare
1738 549 1911 599 studeo,
1949 548 2023 589 hoc
2064 551 2224 597 tamen,
2266 547 2378 599 quod
2418 548 2548 589 rixam
2587 547 2683 589 mihi

363 623 569 663 moturum
596 619 765 672 ‚iamjam
798 619 934 671 video,
969 632 1048 661 non
1081 632 1245 671 possum
1275 619 1546 671 supprimere.

491 690 547 732 At
575 689 696 732 aliter
733 702 897 743 quoque
925 689 991 732 hic
1020 689 1131 732 locus
1173 689 1366 743 explicari
1395 692 1545 743 potest.
1604 689 1708 732 Nam
1746 689 1781 732 si
1821 688 2042 732 statuimus
2073 691 2241 742 poetam
2271 688 2350 732 illis
2379 688 2513 732 verbis
2545 701 2590 731 se
2628 688 2682 730 ab

365 760 603 804 offensionis
641 761 760 814 culpa
798 760 974 803 liberare
1006 761 1204 811 voluisse,
1244 774 1334 803 cum
1373 760 1524 802 nemini
1556 774 1599 802 se
1630 761 1800 814 injurias
1842 760 1993 803 inferre
2026 760 2128 803 velle
2158 760 2332 813 diceret,
2375 774 2456 803 non
2485 760 2683 803 absonum

365 837 430 875 est
455 832 563 875 hanc
592 832 900 875 excusationem
932 836 1104 885 propter
1133 832 1356 874 Hieronem
1388 832 1687 885 Syracusarum
1718 844 1857 885 regem
1887 831 2041 874 factam
2067 832 2276 885 judicare,
2318 833 2468 885 quippe
2497 831 2566 884 qui
2594 843 2683 873 cum

364 907 407 945 et
435 903 523 956 ipse
551 902 672 944 fortis
702 906 813 944 esset
840 906 882 944 et
913 902 1037 944 trium
1064 902 1233 944 deorum
1262 902 1473 955 sacerdos,
1505 902 1624 944 facile
1652 914 1699 943 eo
1728 901 1820 943 duci
1851 902 2050 955 potuerit,
2081 908 2127 944 ut
2156 903 2344 944 eximiam
2373 902 2484 944 illam
2506 901 2684 954 Agesiae

364 973 527 1015 laudem
569 974 611 1014 in
649 972 800 1014 malam
837 976 1002 1026 partem
1047 974 1270 1027 acciperet;
1321 973 1372 1015 ad
1420 985 1544 1027 quam
1583 972 1832 1015 sententiam
1877 972 2168 1014 stabiliendam
2218 974 2341 1015 etiarn
2391 972 2490 1014 illud
2535 971 2683 1024 aliquis

366 1044 550 1099 proferre
577 1044 725 1097 possit,
753 1044 861 1098 quod
890 1044 932 1085 in
960 1044 1087 1086 tertia
1115 1045 1308 1086 carminis
1338 1049 1456 1098 parte
1489 1057 1609 1086 versu
1637 1047 1688 1086 95
1711 1043 1907 1085 Hieronis
1936 1043 2028 1084 laus
2060 1044 2100 1084 in
2133 1044 2373 1086 sacerdotiis
2395 1041 2684 1085 enumerandis

366 1116 623 1169 potissimum
658 1120 858 1156 versatur.
916 1115 1054 1167 Atque
1094 1115 1218 1156 etiam
1249 1116 1380 1167 magis
1414 1116 1484 1156 illa
1511 1115 1774 1157 excusatione
1805 1127 1911 1167 opus
1943 1118 2052 1166 crat,
2086 1114 2121 1154 si
2159 1115 2328 1167 eadem,
2367 1127 2450 1167 qua
2479 1113 2684 1165 Agesiam,

367 1185 607 1240 Olympiade
636 1185 859 1226 Hieronem
890 1185 1078 1238 Olympia
1110 1186 1255 1227 vicisse
1285 1190 1519 1237 constaret,
1549 1187 1656 1239 quod
1687 1189 1783 1228 sunt
1809 1185 1878 1238 qui
1906 1184 2180 1237 suspicentur.

498 1257 646 1298 Restat
687 1260 733 1297 ut
771 1256 823 1298 de
861 1257 1003 1309 tertia,
1041 1269 1166 1309 quam
1201 1258 1286 1311 Jam
1324 1270 1575 1310 proponam,
1630 1257 1854 1310 explicandi
1901 1256 2061 1297 ratione
2100 1268 2232 1309 pauca
2279 1256 2424 1297 dicam.
2494 1256 2685 1297 Videmus

368 1331 537 1381 poetam
568 1339 692 1368 versu
722 1330 775 1367 90
802 1327 940 1378 magni
969 1339 1044 1368 sua
1071 1327 1270 1368 interesse
1296 1327 1501 1380 profiteri,
1540 1332 1585 1369 ut
1622 1328 1722 1369 illud
1752 1328 1996 1368 Boeotorum
2027 1326 2077 1367 de
2107 1339 2179 1367 sue
2206 1326 2473 1379 opprobrium
2503 1325 2684 1378 effugiat.

370 1397 459 1438 Hoc
488 1400 628 1438 autem
660 1408 908 1449 quamquam
937 1397 1103 1450 proprie
1131 1397 1242 1438 cadit
1272 1397 1312 1438 in
1347 1397 1593 1439 Boeotorum
1625 1397 1789 1450 adipale
1814 1395 2020 1449 quoddam
2052 1395 2211 1437 dicendi
2240 1408 2388 1447 genus,
2427 1400 2564 1437 tamen
2594 1407 2685 1436 cum

369 1468 675 1509 meminerimus
704 1467 929 1508 Pindarum
961 1468 1169 1521 quondam
1207 1468 1457 1510 admonente
1488 1469 1691 1521 Corinna,
1731 1468 1840 1521 quod
1882 1467 2130 1509 carminibus
2165 1466 2327 1507 fabulas
2364 1467 2567 1519 mythicas
2605 1479 2685 1507 non

369 1539 639 1590 immisceret,
679 1540 720 1580 in
755 1539 1006 1581 contrarium
1046 1540 1189 1580 vitium
1227 1539 1420 1581 cecidisse
1457 1545 1498 1581 et
1537 1539 1665 1581 eidem
1704 1551 1748 1580 se
1788 1539 1992 1591 vituperio
2033 1538 2254 1579 obnoxium
2291 1537 2536 1589 reddidisse,
2575 1536 2685 1590 quod

368 1609 451 1650 alio
480 1612 663 1662 tempore
694 1609 734 1649 in
773 1609 997 1651 certamine
1033 1608 1234 1650 Corinnae
1264 1609 1462 1661 obtrusit,
1510 1610 1593 1651 suis
1624 1609 1865 1655 Boeoticae,
1905 1608 2048 1663 quidni
2086 1608 2136 1649 de
2171 1608 2328 1662 agresti
2368 1612 2410 1648 et
2445 1607 2686 1649 inconcinne

368 1679 603 1733 mythorum
634 1691 712 1720 usu
738 1680 846 1721 hunc
871 1680 1010 1732 j0cum
1041 1681 1351 1733 intelligamus‘.>
1402 1681 1531 1733 Quid,
1574 1682 1608 1721 si
1637 1680 1863 1720 Pindarum
1896 1680 2092 1719 adversus
2132 1691 2203 1719 eos
2241 1691 2285 1720 se
2324 1683 2572 1729 vertentem,
2616 1678 2687 1730 qui

370 1751 444 1792 tali
471 1751 650 1803 imagine
679 1751 861 1803 mythica
891 1751 1033 1792 statim
1065 1752 1107 1791 in
1137 1752 1254 1792 initio
1284 1753 1346 1792 uti
1375 1752 1566 1793 inscitum
1595 1756 1638 1792 et
1666 1752 1818 1804 pingue
1853 1751 2138 1803 appellabant,
2179 1750 2230 1790 ad
2260 1750 2373 1791 illam
2403 1763 2447 1790 se
2477 1749 2684 1790 licentiam

370 1821 508 1863 animo
538 1833 613 1862 suo
641 1824 831 1873 putemus
862 1821 996 1862 dicere
1024 1822 1276 1874 impulsum?
1314 1822 1377 1863 Ab
1398 1821 1476 1863 hoc
1504 1822 1593 1863 loco
1615 1821 1792 1863 fortasse
1818 1833 1900 1862 non
1927 1821 2104 1862 alienum
2127 1825 2189 1862 est
2207 1820 2391 1862 conferre
2409 1820 2526 1861 Nem.
2543 1819 2614 1871 IX,
2630 1823 2680 1860 49

371 1892 488 1935 Nem.
519 1892 587 1945 VI,
621 1894 672 1941 30
710 1895 752 1933 et
791 1892 907 1934 Nem.
936 1892 1026 1945 VII,
1058 1896 1129 1946 50,
1183 1893 1333 1947 quibus
1372 1893 1471 1934 locis
1517 1892 1714 1934 audacter
1756 1905 1800 1934 se
1843 1892 1954 1945 loqui
1996 1896 2120 1945 poeta
2156 1891 2357 1944 affirmat,
2407 1895 2448 1933 et
2487 1890 2687 1944 imprimis

371 1962 490 2006 Nem.
520 1962 631 2016 VIII,
662 1965 735 2015 20,
790 1975 872 2016 quo
907 1962 996 2005 loco
1031 1968 1170 2017 poeta,
1216 1968 1435 2017 postquam
1471 1962 1700 2016 paullulum
1743 1963 1785 2005 in
1827 1975 1950 2005 cursu
1991 1962 2175 2004 substitit
2213 1966 2262 2004 ut
2299 1975 2493 2016 magnum
2531 1960 2685 2014 aliquid

373 2033 578 2075 dicturus:

649 2102 790 2143 πολλοὶ
820 2102 918 2156 γάρ,
946 2102 1103 2156 inquit,
1137 2103 1280 2158 πολλᾷ
1306 2103 1510 2144 λέλεκται·
1543 2104 1675 2157 νεαροὶ
1705 2102 1988 2156 δ’ἐξευρόντα
2017 2101 2152 2156 δόμεν
2180 2101 2361 2156 βασάνῳ

647 2173 689 2222 ἐς
718 2173 889 2227 ἔλεγχον
917 2171 1035 2223 ἅπας
1065 2174 1271 2222 κίνδυνος·
1304 2169 1419 2233 ὄψον
1448 2174 1497 2215 δὲ
1525 2174 1637 2227 λόγοι
1666 2177 1962 2229 φθονεροῖσιν.

374 2244 464 2285 Non
504 2243 729 2283 admodum
768 2244 931 2284 diversa
969 2244 1136 2295 videtur
1176 2245 1262 2298 ejus
1301 2245 1399 2299 loci,
1440 2246 1491 2285 de
1531 2257 1610 2300 quo
1646 2246 1832 2299 agimus,
1871 2245 2000 2299 ratio,
2042 2245 2076 2284 si
2115 2245 2335 2285 statuimus
2370 2248 2556 2298 poetam,
2596 2255 2686 2283 cum

375 2317 496 2356 aliter
524 2317 721 2367 Agesiam
749 2317 920 2356 laudare
947 2318 1154 2368 potuerit,
1193 2317 1338 2357 audaci
1377 2328 1496 2357 usum
1535 2328 1625 2357 esse
1664 2319 1824 2356 ratione
1862 2322 1904 2356 et
1943 2318 1995 2356 ab
2030 2318 2182 2356 invidia
2222 2328 2301 2356 non
2340 2327 2513 2368 prorsus
2541 2316 2687 2354 aliena.

377 2388 581 2438 Quoniam
609 2392 747 2427 autem
780 2388 984 2429 Pindarus
1011 2389 1236 2429 identidem
1267 2390 1446 2429 animum
1477 2401 1520 2429 se
1549 2390 1599 2428 ad
1622 2389 1851 2429 canendum
1881 2389 2089 2440 impellere
2120 2390 2279 2440 (θυμὸς
2308 2387 2512 2441 ὀτρύνει),
2546 2388 2689 2427 Musas

376 2462 520 2501 contra
545 2459 714 2499 carmini
743 2459 846 2500 bene
876 2459 1088 2501 formando
1117 2471 1311 2512 praeesse
1342 2460 1459 2511 dicit,
1492 2460 1723 2501 inveniendi
1753 2460 1899 2511 igitur,
1941 2464 1986 2501 ut
2024 2461 2082 2501 ita
2122 2460 2276 2511 dicam,
2311 2460 2424 2500 illum
2465 2462 2688 2509 auctorem,

376 2529 452 2570 has
482 2528 721 2580 disponendi
750 2532 792 2570 et
821 2529 1041 2581 elo'quendi
1070 2529 1188 2582 facit3
1219 2541 1307 2571 cum
1339 2530 1413 2571 hoc
1439 2530 1525 2571 loco
1557 2530 1698 2571 Musas
1728 2530 1840 2571 dicat
1868 2530 2142 2582 permissuras
2171 2542 2281 2581 esse,
2316 2534 2362 2571 ut
2394 2530 2581 2581 Agesiam
2615 2528 2689 2569 tali

376 2598 498 2642 modo
534 2600 763 2652 praedicet,
825 2613 960 2642 nonne
997 2599 1075 2642 hoc
1112 2601 1170 2642 ita
1215 2601 1401 2652 intellegi
1447 2605 1605 2652 potest,
1647 2605 1693 2642 ut
1727 2604 1853 2652 poeta
1890 2600 2030 2642 Musas
2074 2601 2151 2653 ipsi
2189 2600 2447 2652 indulgentes
2486 2600 2688 2642 rationem

377 2680 519 2722 suam,
549 2680 655 2722 quae
681 2672 845 2712 tantum
875 2669 927 2712 ad
957 2668 1132 2712 formam
1164 2671 1321 2724 epinicii
1350 2671 1577 2723 pertineat,
1618 2670 1782 2712 victoris
1810 2669 1898 2712 dico
1930 2682 2020 2713 cum
2052 2670 2300 2724 Amphiarao
2330 2670 2689 2723 comparationem,

377 2738 627 2793 probaturas
666 2744 708 2781 et
748 2751 864 2781 suem
900 2740 1133 2782 Boeoticam
1174 2753 1198 2782 a
1235 2752 1279 2782 se
1323 2741 1568 2782 defensuras
1608 2752 1697 2782 esse
1736 2742 1990 2783 contendat?
2035 2742 2091 2783 At
2125 2753 2176 2784 ne
2207 2742 2298 2794 quis
2329 2742 2438 2783 illam
2470 2741 2690 2793 imaginem

378 2809 542 2863 longius
570 2809 623 2852 ab
649 2810 819 2854 exordio
848 2811 993 2853 abesse
1022 2811 1152 2864 dicat,
1192 2823 1314 2864 quarn
1345 2823 1451 2864 quae
1479 2811 1611 2864 possit
1642 2823 1733 2854 esse
1765 2812 1852 2863 ejus
1889 2812 2017 2864 ipsius
2055 2825 2153 2866 pars
2187 2816 2229 2855 et
2266 2816 2464 2865 tanquam
2498 2811 2691 2855 vestibuli

380 2892 565 2924 summus
597 2880 812 2934 splendor3
846 2885 1007 2924 tantum
1027 2881 1168 2935 abest,
1198 2886 1244 2925 ut
1272 2882 1334 2935 iis,
1365 2894 1468 2936 quae
1498 2881 1763 2934 antecedunt,
1793 2882 2049 2936 interpositis
2080 2895 2207 2926 nexus
2233 2883 2454 2926 verborum
2483 2881 2690 2934 turbetur,

382 2956 429 2994 ut
458 2964 507 2994 ea
537 2951 698 2994 laudem
727 2953 843 2995 velut
871 2965 947 3006 per
976 2952 1128 3005 gradus
1159 2953 1210 2995 ad
1240 2965 1445 2995 summum
1473 2953 1686 3005 fastigium
1715 2953 1950 3006 perducant.
