3020 3869
1444 236 1469 277 9

308 386 438 427 eoque
466 373 575 415 facto
605 384 630 414 a
656 372 850 424 Pindaro,
878 374 945 426 qui
976 378 1194 427 postquam
1226 377 1416 417 cantatus
1445 378 1567 427 esset,
1599 378 1761 427 tempus
1789 373 1937 415 fuisset
1966 374 2015 415 de
2035 373 2213 415 Pindaro
2243 379 2364 427 poeta
2387 373 2608 427 judicandi

307 458 405 487 num
433 450 541 487 esset
577 444 823 487 laudandus.
880 444 957 487 Sed
991 445 1139 488 nimiae
1177 445 1252 488 hoc
1280 443 1480 488 audaciae
1511 457 1601 488 esse
1629 457 1717 488 cum
1745 443 1943 496 viderem,
1986 443 2061 487 hac
2100 445 2326 486 mutatione
2354 444 2533 486 abstinui
2563 448 2607 487 et

306 514 460 557 Junoni
487 514 600 556 illum
628 515 823 556 honorem
854 527 935 556 non
967 517 1155 557 invidens
1174 517 1281 557 idem
1309 516 1391 557 alia
1420 515 1582 557 ratione
1610 516 1774 567 assequi
1794 527 1885 556 sum
1914 519 2098 556 conatus.
2140 515 2289 556 Totum
2310 517 2416 556 enim
2442 527 2606 557 carmen

306 583 368 627 ita
395 588 459 627 est
487 586 777 638 compositum,
816 591 864 626 ut
904 586 991 639 ipsa
1020 586 1195 638 Agesiae
1238 590 1281 627 et
1315 585 1570 627 Jamidarum
1608 586 1700 627 laus
1738 597 1862 626 versu
1890 589 1936 626 81
1958 618 1968 637 ,
2005 586 2110 627 sicut
2148 597 2274 637 supra
2300 586 2384 637 jam
2420 585 2605 637 indicavi,

306 654 491 698 confecta
520 656 723 697 videatur.
779 656 934 697 Deinde
970 657 1154 709 sequitur
1191 660 1338 709 poetae
1379 668 1468 698 cum
1498 656 1673 698 Arcadia
1714 661 1831 697 arcta
1860 656 2106 707 necessitas,
2143 667 2250 708 quae
2280 668 2401 698 causa
2430 660 2517 708 est,
2558 658 2605 698 ut

305 730 429 779 poeta
466 738 510 767 se
549 726 795 778 placiturum
835 739 924 769 esse
962 731 1124 780 speret,
1162 726 1308 768 deinde
1337 726 1525 769 Hieronis
1563 730 1606 768 et
1635 726 1936 780 Syracusarum
1970 729 2014 768 et
2052 726 2254 768 secundae
2290 725 2400 769 chori
2428 727 2602 770 actionis

303 796 469 848 mentio,
498 800 586 839 tum
614 797 808 850 adjuncta
838 802 901 839 est
930 798 979 839 de
1010 797 1159 851 duplici
1194 797 1483 839 choreutarum
1503 797 1643 850 patria
1667 797 1876 849 indicatio,
1906 801 2115 850 postremo
2135 797 2349 850 Neptunus
2378 798 2602 851 invocatur,

304 872 350 911 ut
374 880 613 921 prosperum
631 869 806 911 reditum
827 868 964 912 faciat.
998 869 1111 920 Quae
1140 869 1277 911 omnia
1301 868 1382 911 alio
1409 872 1595 923 spectare
1612 872 1736 922 atque
1756 868 1887 922 ipsum
1914 869 2144 921 epinicium,
2174 867 2292 910 facile
2320 869 2598 922 perspicimus.

305 938 417 989 Quae
446 951 537 981 cum
582 940 642 981 ita
679 940 787 992 sint,
828 941 925 992 quid
966 941 1126 992 obstat,
1170 940 1386 993 quominus
1423 939 1528 981 hanc
1565 944 1714 992 poetae
1757 940 2043 990 cogitationem
2089 939 2213 981 fuisse
2240 944 2454 991 putemus:
2494 940 2600 992 quod

304 1021 438 1051 meum
485 1013 598 1062 erat,
639 1011 832 1062 praestiti
872 1010 910 1052 h.
946 1022 979 1052 e.
1021 1010 1180 1052 laudem
1216 1009 1394 1063 absolvi,
1432 1023 1538 1052 nunc
1572 1009 1745 1062 Agesiae
1782 1013 1846 1051 est
1881 1020 1972 1051 cum
2010 1009 2152 1052 amicis
2189 1010 2388 1063 majorum
2426 1009 2601 1063 vestigia

304 1083 543 1134 sequentem
588 1080 686 1122 deos
724 1080 886 1122 illorum
925 1092 1039 1122 more
1077 1079 1283 1134 venerari,
1325 1079 1378 1122 ad
1417 1079 1524 1133 quod
1561 1079 1728 1134 Metopa
1766 1079 1931 1132 incitet,
1970 1079 2020 1122 de
2060 1092 2124 1122 me
2158 1080 2369 1133 judicare,
2409 1080 2600 1122 Hieronis

303 1162 521 1192 memorem
551 1151 672 1191 esse?
704 1150 851 1200 Quidni
880 1155 1123 1201 statuamus,
1152 1152 1275 1191 etiam
1303 1151 1472 1192 alterius
1497 1152 1689 1192 carminis
1717 1162 1743 1192 a
1764 1150 1941 1192 Pindaro
1970 1151 2061 1192 fieri
2092 1152 2340 1192 mentionem
2367 1158 2408 1192 et
2432 1157 2600 1204 praeter

302 1222 378 1263 hoc
410 1222 627 1274 epinicium
653 1221 863 1273 hymnum,
895 1234 974 1263 non
1004 1233 1099 1263 curo
1120 1233 1245 1274 quam
1274 1221 1325 1263 ob
1351 1234 1436 1263 rem
1464 1225 1507 1263 et
1533 1220 1648 1274 cujus
1677 1221 1744 1263 dei
1773 1221 1812 1262 in
1834 1220 2040 1273 honorem,
2070 1233 2095 1263 a
2118 1220 2296 1263 Pindaro
2325 1224 2599 1275 conscriptum

303 1292 427 1335 choro
455 1291 580 1334 fuisse
610 1291 864 1334 canendum?
902 1291 1087 1345 Utroque
1129 1295 1217 1333 tum
1256 1292 1432 1333 carmine
1469 1294 1658 1343 cantato,
1709 1291 1897 1343 quoniam
1925 1291 2039 1333 nulla
2070 1291 2121 1332 de
2151 1303 2197 1332 re
2221 1292 2380 1344 Justum
2410 1298 2475 1334 est
2504 1298 2599 1336 ante

302 1361 423 1405 finem
459 1362 668 1416 Judicare,
706 1361 897 1414 Metopae
936 1366 1027 1404 erat
1065 1362 1224 1405 animos
1261 1361 1512 1404 audientium
1549 1361 1723 1404 maxime
1758 1361 1963 1404 Arcadum
2001 1362 2060 1404 ita
2100 1361 2267 1404 flectere
2304 1368 2347 1404 et
2387 1363 2601 1416 moderari,

302 1437 350 1475 ut
377 1433 612 1486 incorrupte
640 1436 683 1474 et
700 1432 787 1474 sine
808 1432 1033 1485 cupiditate
1061 1433 1207 1474 animis
1236 1432 1497 1486 conciperent
1518 1444 1651 1485 neque
1670 1431 1847 1475 ¹laudare
1874 1436 2126 1485 recusarent,
2154 1433 2355 1486 siquidem
2377 1445 2402 1474 a
2422 1434 2599 1476 Pindaro

302 1503 494 1546 Thebano
523 1503 736 1546 confutata
762 1507 853 1546 erat
890 1504 1029 1556 iniqua
1058 1503 1306 1546 Boeotorum
1334 1502 1456 1545 fama.

429 1574 617 1626 Denique
657 1574 753 1626 quid
792 1574 841 1615 de
871 1574 1054 1616 versibus
1091 1574 1186 1616 inde
1222 1585 1248 1616 a
1283 1586 1407 1616 versu
1435 1573 1660 1616 centesimo
1690 1584 1819 1626 usque
1847 1573 1901 1615 ad
1929 1584 2090 1616 versum
2128 1574 2396 1616 centesimum
2429 1575 2597 1617 tertium
2639 1574 2647 1578 ’

294 1643 562 1699 judicandum
592 1647 753 1698 putem,
795 1644 935 1698 paucis
965 1643 1065 1686 libet
1090 1655 1304 1698 exponere.
1363 1643 1498 1686 Verba
1525 1643 1626 1686 haec
1655 1648 1773 1686 sunt:

1167 1715 1334 1768 ἁγαθαὶ
1363 1715 1412 1756 δὲ
1440 1715 1611 1755 πέλοντ’
1638 1715 1685 1755 ἐν
1713 1717 1909 1768 χειμερίᾳ

880 1785 998 1826 νυκτὶ
1028 1787 1139 1834 θοᾶς
1168 1786 1214 1826 ἐκ
1240 1786 1340 1834 ναὸς
1366 1785 1679 1840 α’ποσκίμφθαι
1708 1784 1777 1826 δύ’
1807 1782 1996 1838 ἄγκυραι.
2028 1785 2133 1832 θεὸς

876 1856 1014 1897 τῶνδε
1041 1859 1192 1897 κείνων
1221 1872 1268 1896 τε
1294 1857 1454 1898 κλυτάν
1482 1851 1616 1898 αἶσαν
1647 1863 1827 1911 παρέχοι
1858 1856 2027 1911 φιλέων.

301 1926 411 1969 Sunt
439 1925 509 1980 qui
538 1925 602 1967 his
631 1926 766 1968 verbis
785 1931 948 1980 poetam
982 1927 1213 1980 significare
1241 1931 1400 1981 putent,
1431 1927 1648 1981 epinicium
1676 1927 1739 1970 bis
1771 1932 1937 1969 cantum
1965 1927 2028 1979 iri,
2057 1926 2285 1980 Stymphali
2314 1930 2355 1968 et
2371 1926 2596 1981 Syracusis,

299 2008 379 2051 quo
409 1997 533 2039 etiam
562 1997 691 2049 magis
721 2002 845 2049 poeta
875 1998 1005 2050 possit
1035 1999 1203 2039 carmini
1233 2010 1306 2040 suo
1342 1998 1488 2040 bonum
1518 2003 1707 2040 eventum
1739 2010 1930 2051 sperare,
1971 1997 2308 2050 quemadmodum
2335 2009 2385 2039 ea
2412 1998 2528 2039 navis
2555 1999 2597 2040 in

299 2071 545 2121 tempestate
575 2067 628 2109 sit
656 2068 804 2121 tutior,
833 2080 938 2121 quae
971 2068 1132 2111 duabus
1161 2069 1321 2112 ancoris
1354 2073 1556 2111 teneatur.

427 2135 504 2180 Cui
528 2139 788 2192 explicationi
827 2139 867 2181 id
904 2139 1041 2182 favere
1071 2140 1257 2194 videtur,
1296 2141 1406 2194 quod
1443 2140 1584 2193 paucis
1613 2140 1798 2182 versibus
1828 2143 1926 2181 ante
1960 2138 2087 2181 Hiero
2116 2138 2441 2182 comissationem
2472 2138 2597 2192 Syra-

298 2220 417 2252 cusas
453 2209 775 2263 proficiscentem
813 2209 986 2262 benigne
1034 2211 1219 2263 excipere
1251 2211 1441 2264 Jubetur,
1484 2223 1616 2264 neque
1662 2223 1736 2264 per
1774 2222 1818 2252 se
1857 2210 1928 2251 illa
1967 2210 2171 2251 sententia
2207 2213 2271 2251 est
2307 2209 2596 2262 improbanda;

297 2280 369 2323 sed
399 2292 491 2324 cum
518 2293 567 2322 ea
606 2280 931 2333 consideramus,
974 2294 1078 2334 quae
1116 2294 1239 2324 versu
1275 2282 1344 2334 qui
1374 2281 1552 2335 proxime
1590 2280 1801 2323 antecedit
1842 2280 1891 2322 de
1931 2279 2079 2333 duplici
2109 2280 2282 2332 Agesiae
2320 2283 2362 2321 et
2400 2280 2595 2322 comitum

297 2351 434 2405 patria
473 2351 584 2394 dicta
624 2354 743 2405 sunt,
782 2356 824 2393 et
853 2352 1079 2394 Pindarum
1109 2353 1293 2406 proximo
1324 2363 1445 2394 versu
1482 2352 1668 2405 utrisque
1706 2351 1746 2392 h.
1770 2338 1810 2393 ἐ.
1840 2350 2105 2404 Stymphaiiis
2134 2356 2175 2392 et
2202 2349 2473 2402 Syracusanis
2501 2363 2595 2404 pro-

297 2434 459 2475 speram
498 2422 704 2463 fortunam
743 2427 889 2475 optare
921 2423 1125 2476 videmus,
1170 2435 1305 2465 nonne
1339 2424 1556 2465 verborum
1595 2422 1779 2464 ordinem
1820 2422 2101 2474 turbaremus,
2141 2422 2175 2463 si
2204 2421 2314 2463 illam
2342 2423 2594 2464 sententiam

297 2497 516 2546 sequentes
547 2494 770 2535 Pindarum
801 2506 913 2546 spem
948 2507 1064 2536 >uam
1100 2494 1273 2537 mediam
1298 2494 1591 2547 interposuisse
1621 2493 1878 2534 diceremus?
1914 2491 2021 2543 Quid
2049 2491 2157 2545 quod
2186 2495 2353 2544 poetam
2384 2492 2485 2535 vitio
2513 2504 2591 2534 non

298 2564 469 2607 liberum
505 2563 807 2618 judicaremus,
849 2564 966 2618 quasi
1007 2564 1047 2607 in
1080 2564 1296 2608 indicanda
1338 2575 1409 2618 spe
1447 2575 1522 2607 sua
1561 2563 1687 2606 fuerit
1712 2563 1877 2616 nimius,
1918 2563 2105 2617 quoniam
2135 2574 2257 2605 versu
2287 2566 2340 2605 90
2377 2568 2419 2606 et
2447 2564 2487 2605 in
2514 2563 2591 2605 fine

298 2634 510 2678 carminis:
550 2635 664 2688 ἐμῶν
703 2632 897 2689 δ’ἱὶμνων
927 2631 1020 2686 ἄεξ’
1059 2634 1260 2691 εὐτερπὲς
1296 2632 1436 2685 ὀίω-θος
1468 2635 1570 2677 satis
1582 2639 1672 2708 Nest
1709 2636 1750 2676 in
1779 2635 1850 2676 illa
1887 2647 1930 2676 re
1967 2635 2180 2676 versatus?
2236 2635 2372 2686 Quare
2399 2636 2511 2677 illam
2541 2636 2590 2676 de

297 2704 459 2748 duabus
492 2705 654 2748 ancoris
692 2705 909 2759 imaginem
943 2718 1025 2749 non
1062 2717 1280 2760 possumus
1319 2717 1399 2748 non
1438 2705 1493 2747 ad
1529 2709 1686 2748 sortem
1721 2717 1861 2747 eorum
1890 2705 2068 2758 referre,
2109 2707 2179 2758 qui
2222 2711 2264 2748 et
2292 2706 2520 2759 Stymphali
2548 2710 2590 2747 et

297 2776 509 2828 Syracusis
538 2776 701 2818 domum
728 2780 770 2818 et
799 2777 1004 2819 civitatem
1033 2777 1250 2820 habebant.
