3020 3869
1541 220 1565 259 2

400 358 504 400 deae
535 369 695 399 sacrum
725 357 945 398 verisimile
974 370 1065 398 esse
1095 357 1149 397 ab
1179 358 1259 398 alio
1287 362 1412 408 atque
1444 358 1593 408 hymno
1618 357 1797 398 carmine
1824 354 1963 400 ordiri,
1989 366 2121 406 neque
2149 358 2257 407 quod
2288 364 2466 407 versibus
2497 372 2547 409 88
2576 372 2618 408 et
2645 367 2691 405 89

400 427 621 470 Choreutae
641 425 838 479 (ἑταῖροι)
849 428 1040 479 primum
1059 427 1263 468 Junonem
1283 427 1579 478 Stymphaliam
1601 439 1747 466 canere
1768 425 1917 466 deinde
1940 423 2130 475 judicare
2154 425 2361 481 jubentur,
2386 446 2477 476 num
2499 437 2692 478 Pindarus

402 500 519 539 vetus
546 496 793 538 Boeotorum
823 496 1084 549 opprobrium
1128 497 1178 539 de
1218 508 1289 538 sue
1326 496 1518 546 effugiat,
1550 495 1764 538 Schmidtii
1793 494 2023 535 sententiae
2056 492 2216 545 favere,
2259 509 2347 540 cum
2380 504 2571 553 judicium
2601 503 2692 545 juna

400 579 482 622 non
510 567 691 619 potuerit
718 578 796 607 non
830 566 870 608 in
901 565 941 607 id
971 570 1133 620 tempus
1163 566 1331 618 cadere,
1363 578 1443 619 quo
1472 566 1687 619 epinicium
1720 564 1959 607 canebatur.

530 637 612 679 Sed
644 642 901 678 revertamur
921 637 972 678 ad
992 638 1183 679 carminis
1205 637 1432 688 exordium,
1461 636 1565 689 quod
1587 635 1765 677 fortasse
1784 640 1894 676 recte
1912 633 2292 686 interpretabimur,
2319 640 2351 679 si
2371 641 2480 684 aliud
2496 644 2695 697 quoddam

404 718 570 748 carmen
603 720 693 749 cum
725 707 799 748 hoc
829 712 1114 760 comparantes
1140 708 1192 748 ab
1221 707 1342 760 hujus
1375 710 1558 759 tempore.
1587 718 1670 748 non
1701 706 1821 747 nimis
1855 708 2077 752 remotum,
2118 710 2242 755 prout
2273 707 2430 752 diversa
2457 714 2496 754 in
2527 713 2698 755 carmine

401 777 527 817 fuerit
557 777 777 817 tractanda
811 777 1031 829 materies,
1072 777 1234 818 diversa
1276 788 1363 819 eam
1395 776 1620 818 Pindarum
1659 774 1839 818 induisse
1887 773 2019 816 forma
2057 779 2182 826 atque
2222 775 2361 820 habitu
2405 782 2696 829 invenerimus;

402 848 513 898 quod
554 851 691 887 tamen
734 860 814 888 non
854 847 1165 888 demonstrandi
1205 848 1274 887 sed
1314 847 1549 888 declarandi
1592 858 1716 888 causa
1753 845 1983 887 faciendum
2026 848 2139 898 puto.
2199 845 2368 890 Carmen
2407 851 2610 905 Olymp.1
2646 852 2697 891 sis

403 919 587 967 evolvas,
629 917 743 968 cujus
779 930 938 957 summa
971 929 1018 957 ea
1052 922 1139 968 est,
1177 922 1224 957 ut
1265 918 1452 958 ludorum
1485 917 1791 969 Olympicorum
1830 915 1973 957 laudes
2011 915 2314 968 praedicentur,
2359 920 2481 972 ipsius
2511 922 2698 965 Hieronis

404 988 572 1029 victoris
612 987 700 1029 laus
732 987 962 1028 oblitescat.
1020 988 1170 1040 Itaque
1205 992 1246 1028 et
1287 988 1617 1039 splendidissimo
1657 987 1824 1028 exordio
1855 986 2133 1039 Olympiorum
2178 987 2354 1039 dignitas
2384 993 2559 1043 canitur,
2599 1004 2700 1046 quae

402 1060 448 1099 ut
477 1058 538 1099 sol
568 1058 677 1100 inter
709 1062 845 1100 cetera
877 1059 1014 1100 sidera
1044 1059 1285 1111 splendeat,
1327 1059 1515 1100 omnibus
1552 1059 1661 1100 ludis
1692 1059 1823 1111 gloria
1861 1058 1976 1099 facile
2005 1058 2275 1110 antecedant,
2313 1065 2353 1101 et
2384 1066 2512 1106 totum
2541 1076 2699 1106 carmen

404 1130 444 1170 in
483 1129 545 1170 his
589 1128 778 1170 laudibus
809 1133 1011 1170 versatur.
1071 1130 1228 1179 Quodsi
1265 1131 1395 1171 victor
1427 1131 1565 1182 justus
1602 1130 1750 1171 dicitur
1790 1134 1831 1170 et
1870 1129 2092 1181 opulentus
2129 1133 2171 1169 et
2209 1131 2393 1172 omnibns
2431 1134 2650 1175 virtutibus
2678 1145 2702 1173 a

404 1199 611 1251 dignitate
650 1200 765 1251 regia
802 1211 882 1240 non
923 1199 1067 1241 alienis
1108 1200 1236 1241 libere
1274 1201 1523 1251 inserviens,
1565 1200 1665 1240 haec
1705 1199 1909 1240 attributa
1934 1199 1986 1239 ad
2028 1200 2157 1239 totius
2198 1201 2386 1241 carminis
2424 1208 2703 1252 argumentum

404 1269 558 1311 nullius
590 1273 687 1311 sunt
716 1270 930 1321 momenti,
975 1282 1065 1310 cum
1106 1271 1146 1311 in
1179 1271 1350 1322 epinicio
1380 1274 1504 1321 poeta
1544 1274 1670 1321 atque
1712 1283 1760 1310 eo
1798 1270 1885 1321 regi
1925 1269 2176 1321 amplissimo
2215 1272 2502 1313 conscribendo
2545 1278 2702 1314 tantum

405 1340 493 1392 ejus
523 1340 787 1391 praedicandi
807 1340 978 1391 muneri,
1006 1341 1116 1392 quod
1140 1340 1375 1381 detractare
1406 1352 1487 1380 non
1509 1343 1687 1390 poterat,
1719 1338 1977 1380 satisfecerit.
2011 1351 2097 1378 enm
2120 1340 2319 1378 institutis
2350 1347 2482 1382 antem
2511 1356 2535 1383 a
2555 1343 2704 1393 Pelope

406 1409 606 1461 Olympiis
643 1409 738 1450 illae
774 1409 950 1450 virtutes
990 1410 1154 1450 minime
1191 1411 1436 1462 conjunctae
1475 1409 1703 1451 videantur.
1762 1409 1852 1457 Quo
1884 1408 2040 1450 accedit
2077 1408 2185 1460 quod
2227 1408 2346 1451 dens.
2385 1413 2450 1462 qni
2480 1426 2598 1453 versu
2631 1415 2704 1453 1013

406 1480 597 1521 Hieronis
631 1479 780 1521 studiis
819 1479 1075 1532 equestribus
1115 1480 1251 1521 favere
1291 1480 1458 1530 dieitur,
1501 1492 1582 1521 non
1624 1479 1725 1520 deus
1756 1484 1838 1528 est,
1880 1479 2065 1531 quicum
2106 1485 2227 1527 gente
2257 1480 2445 1522 Hieronis
2479 1483 2703 1533 antiquitus

403 1551 459 1591 sit
487 1551 728 1601 conjunctus
757 1555 799 1590 et
827 1554 1031 1590 recentem
1058 1550 1163 1590 hanc
1192 1551 1373 1591 familiae
1407 1551 1583 1601 gratiam
1615 1555 1786 1601 propter
1818 1550 2016 1600 majorum
2047 1551 2193 1589 merita
2224 1551 2465 1601 praebuerit.

532 1620 579 1661 In
622 1620 800 1661 carmine
843 1619 1002 1672 Olymp.
1037 1619 1093 1661 VI
1138 1622 1272 1661 omnia
1317 1633 1439 1672 quam
1482 1627 1577 1662 sunt
1625 1621 1802 1661 diversa!
1858 1620 1937 1660 Ubi
1976 1625 2097 1671 poeta
2139 1621 2342 1660 cardinem
2381 1635 2515 1662 rerum
2557 1622 2705 1662 versari

404 1690 604 1742 voluerit,
643 1690 684 1732 in
722 1702 969 1744 unoquoque
1008 1691 1187 1733 carmine
1229 1691 1347 1733 facile
1377 1692 1658 1743 cognoscimus
1689 1692 1723 1732 si
1761 1691 1942 1732 animum
1972 1692 2291 1741 adverterimus,
2332 1692 2371 1732 in
2401 1706 2476 1743 qua
2511 1697 2628 1744 parte
2658 1692 2707 1733 ad

404 1773 470 1803 res
499 1759 796 1813 mythologicas
823 1761 1063 1814 descendat3
1094 1774 1187 1803 nam
1213 1763 1279 1814 qui
1310 1763 1530 1814 diligenter
1555 1766 1720 1813 poetam
1742 1760 1848 1801 hunc
1869 1761 2153 1801 suavissimum
2176 1761 2333 1812 legerit,
2363 1763 2436 1802 sibi
2466 1775 2707 1813 persuasum

405 1831 595 1883 habebit,
634 1831 715 1873 illis
753 1830 902 1873 fabulis
935 1844 1028 1873 eum
1056 1837 1143 1872 tum
1175 1833 1258 1884 uti,
1297 1845 1384 1874 cnm
1425 1846 1492 1873 res
1522 1836 1763 1884 praesentes
1794 1831 1883 1872 luce.
1913 1845 1934 1871 e
1966 1832 2152 1883 mythicis
2186 1832 2438 1883 temporibus
2468 1833 2709 1883 deprompta

407 1905 621 1954 tamquam
652 1901 912 1943 dilucidiores
943 1903 1115 1944 reddere
1146 1907 1330 1944 conatur.
1388 1904 1535 1954 Itaque
1574 1904 1613 1943 in
1653 1903 1832 1943 carmine
1864 1902 2024 1954 Olymp.
2056 1904 2085 1943 J.
2127 1907 2238 1943 totus
2278 1903 2438 1954 mytlms
2471 1902 2519 1943 de
2549 1903 2711 1943 institu-

406 1973 518 2013 tione
557 1972 748 2013 ludorum
778 1972 1084 2025 Olympicorum
1124 1977 1207 2025 est,
1245 1974 1286 2014 in
1317 1973 1495 2015 carmine
1525 1987 1544 2014 s
1564 1977 1641 2014 =xt0
1672 1986 1761 2014 cum
1793 1973 1965 2025 Agesiae
2006 1973 2198 2014 fortunae
2238 1977 2281 2015 et
2308 1973 2560 2015 Jamidarum
2586 1973 2711 2023 genti.

409 2055 430 2083 e
457 2055 538 2094 qua
568 2042 635 2083 ille
664 2047 740 2093 est,
778 2043 941 2083 fabulae
978 2043 1181 2095 mythicae
1223 2045 1307 2084 sint
1337 2044 1570 2093 admixtae,
1607 2042 1787 2083 dubitari
1830 2043 1990 2094 nequit,
2022 2054 2125 2094 quae
2155 2055 2222 2083 res
2251 2043 2333 2083 sint
2363 2044 2401 2083 in
2432 2043 2505 2083 hoc
2535 2042 2711 2083 carmine

407 2113 639 2165 primariae.
714 2113 853 2165 Atque
901 2113 1078 2166 primum
1122 2115 1287 2166 quidem
1328 2115 1503 2165 Agesiae
1553 2113 1683 2154 virtus
1732 2112 1972 2164 Amphiarai
2017 2113 2202 2165 exemplo
2252 2117 2492 2163 exornatur,
2537 2113 2712 2153 maxima

410 2184 603 2236 deinceps
633 2196 731 2236 pars
750 2183 940 2225 carminis
970 2183 1011 2224 in
1038 2183 1287 2225 illustranda
1306 2184 1561 2226 Jamidarum
1583 2184 1717 2235 gentis
1741 2184 1895 2235 origine
1923 2189 2045 2236 atque
2076 2189 2188 2225 sorte
2211 2185 2299 2236 ejus
2317 2184 2481 2224 fatidica
2513 2188 2711 2225 versatur.

410 2255 513 2296 Huic
541 2254 673 2296 addas
701 2255 837 2296 omnia
867 2266 935 2306 ea,
971 2267 1076 2308 quae
1105 2260 1225 2308 poeta
1255 2256 1447 2307 Agesiam
1479 2256 1654 2297 laudans
1687 2254 1807 2306 dicit,
1845 2260 1928 2295 tam
1958 2260 2070 2296 arcte
2100 2268 2189 2296 cum
2219 2260 2308 2297 tota
2338 2255 2526 2296 carminis
2554 2268 2714 2306 compo-

410 2326 558 2367 sitione
588 2337 771 2367 connexa
803 2337 914 2378 esse,
957 2330 1004 2367 ut
1033 2338 1112 2368 non
1142 2327 1262 2368 modo
1291 2326 1391 2368 nihil
1421 2326 1654 2376 abundare,
1692 2325 1762 2366 sed
1795 2339 1844 2367 ne
1875 2326 1980 2367 demi
2002 2327 2161 2378 quidem
2194 2327 2415 2378 quidquam
2446 2338 2563 2377 posse
2593 2325 2715 2374 dicas

412 2398 446 2438 si
474 2409 636 2438 carmen
666 2401 779 2437 recto
808 2398 915 2449 pede
954 2402 1065 2438 stare
1094 2398 1205 2438 velis.
1266 2397 1450 2438 Victoria
1485 2398 1590 2438 enim
1622 2396 1853 2449 Olympicu,
1892 2408 1972 2449 qua
2004 2397 2100 2438 nillil
2128 2397 2312 2439 accidere
2341 2399 2479 2449 potest
2507 2395 2716 2447 insignius,

411 2468 582 2519 Agesias
614 2480 742 2519 nuper
774 2467 884 2519 apud
913 2467 1096 2508 homines
1125 2468 1299 2520 gloriam
1329 2472 1571 2508 consecutus
1604 2472 1687 2517 est;
1726 2468 1835 2507 inter
1866 2467 2099 2508 conditores
2130 2467 2423 2519 Syracusarum
2454 2469 2715 2515 numeratum

412 2538 519 2579 idem
551 2538 784 2590 antiquitus
815 2541 905 2578 tota
935 2549 1024 2578 cum
1054 2542 1177 2589 gente
1207 2538 1389 2579 vaticinii
1421 2538 1661 2579 muneribus
1692 2537 1809 2578 Pisae
1846 2537 2042 2589 fungitur.
2103 2538 2245 2591 Neque
2280 2551 2377 2580 vero
2408 2538 2512 2578 forte
2541 2536 2716 2586 fortuna,

413 2613 461 2650 ut
487 2608 553 2659 fit,
595 2608 749 2660 gloriae
779 2609 984 2661 particeps
1010 2607 1142 2650 sactus
1173 2613 1257 2660 est,
1297 2607 1367 2650 sed
1400 2608 1540 2649 multis
1580 2607 1792 2650 laboribus
1822 2612 1863 2650 et
1889 2609 2090 2650 molestiis
2117 2623 2163 2650 eo
2193 2610 2389 2662 pervenit,
2417 2609 2473 2649 ita
2501 2611 2545 2649 ut
2571 2606 2718 2658 (lignus

413 2680 492 2731 sit,
522 2678 592 2731 qui
622 2691 712 2720 cum
741 2679 1014 2732 Amphiarao,
1045 2684 1139 2721 vate
1168 2681 1322 2731 optimo
1355 2685 1395 2721 et
1427 2680 1649 2731 bellatore,
1681 2684 1950 2733 componatur
1980 2684 2097 2721 vates
2127 2684 2169 2721 et.
2198 2682 2283 2733 ipse
2315 2680 2537 2730 bellicaque
2565 2677 2719 2718 virtute

413 2749 630 2792 excellens.

545 2820 624 2863 Sed
663 2820 768 2862 hanc
807 2821 1019 2862 victoriam
1062 2833 1142 2861 non
1182 2822 1269 2862 sine
1297 2821 1551 2863 Jamidarum
1590 2822 1738 2862 auxilio
1779 2823 1952 2873 adeptus
1991 2825 2078 2871 est,
2121 2823 2191 2874 qui
2232 2821 2374 2863 multis
2416 2831 2538 2870 saepe
2575 2822 2617 2859 et
2644 2818 2720 2870 piis

415 2892 603 2944 precibus
652 2891 941 2945 sacrificiisque
989 2892 1209 2934 secundum
1250 2904 1390 2934 versus
1423 2896 1577 2933 77—51
1624 2892 1895 2945 Mercurium,
1936 2892 2125 2934 ludorum
2164 2892 2444 2945 praefectum,
2503 2890 2720 2942 propitium

415 2962 706 3015 reddiderunt;
738 2964 849 3016 cujus
879 2963 1050 3015 pietatis
1081 2964 1253 3015 Agesias
1284 2976 1390 3004 nune
1419 2963 1578 3004 fructus
1608 2964 1727 3016 capit.
1787 2963 1912 3005 Genti
1942 2964 2071 3015 igitur
2100 2964 2270 3015 Agesias
2304 2963 2474 3015 gloriam
2505 2960 2649 3010 debet,
2680 2960 2719 3000 in

416 3039 581 3086 gentem
612 3034 698 3075 vice
726 3046 846 3075 versa
876 3035 1049 3086 Agesiae
1077 3034 1211 3086 gloria
1241 3040 1416 3076 emanat.

545 3105 688 3156 Neque
726 3107 865 3145 tamen
908 3104 985 3145 hae
1024 3105 1111 3145 sola
1150 3117 1193 3145 re
1232 3104 1485 3146 Jamidarum
1534 3105 1624 3145 laus
1672 3106 1916 3146 continetur.
2005 3105 2145 3145 Altera
2193 3104 2384 3146 carminis
2435 3113 2529 3154 pars
2568 3098 2662 3140 inde
2701 3111 2722 3139 a

419 3186 540 3215 versu
561 3177 611 3215 29
642 3186 770 3226 usque
798 3174 849 3215 ad
878 3186 1040 3215 versum
1059 3178 1102 3215 81
1143 3179 1245 3227 tota,
1275 3180 1321 3215 ut
1348 3188 1472 3227 supra
1500 3175 1593 3226 dixi,
1622 3176 1673 3215 ad
1698 3175 1819 3228 hujus
1852 3175 1984 3226 gentis
2016 3175 2194 3217 divinam
2224 3175 2454 3217 claritatem
2484 3173 2655 3223 spectat,
2685 3169 2723 3209 in
