3020 3869
1489 250 1514 288 8

338 390 590 434 Graecorum
640 389 787 431 chorus
837 401 862 431 a
908 392 1050 431 nostra
1101 388 1398 431 consuetudine
1443 400 1614 441 prorsus
1666 388 1885 440 abhorret,
1937 399 2057 441 quem
2106 389 2234 429 sacris
2278 388 2531 441 temporibus
2578 387 2662 429 fere

338 463 605 512 servientem,
646 462 794 514 quibus
824 461 949 502 animi
980 460 1137 502 facilius
1168 460 1459 510 movebantur,
1496 460 1569 501 tali
1607 462 1711 510 puto
1750 460 1791 500 in
1832 459 2010 501 Graecos
2049 458 2176 500 fuisse
2217 459 2276 511 vi,
2320 459 2662 511 quemadmodum

340 545 451 575 nunc
488 543 648 584 quoque
687 530 847 571 animus
882 530 1058 571 intranti
1103 529 1299 582 templum
1332 530 1436 571 alius
1475 529 1523 570 fit
1569 532 1611 571 et
1662 529 1773 570 inter
1815 540 1957 581 preces
2004 540 2224 582 sacrasque
2267 530 2509 572 cerimonias
2545 536 2661 571 tanta

339 604 535 656 religione
573 600 855 655 perfunditur,
902 603 949 642 ut
987 599 1218 642 sacerdotis
1257 599 1383 642 verba
1423 611 1445 642 e
1487 611 1562 642 suo
1603 599 1777 652 quisque
1821 599 1957 641 animo
1995 600 2239 653 deprompta
2278 604 2321 642 et
2354 612 2429 654 pro
2470 611 2513 642 se
2552 601 2663 643 dicta

342 675 561 716 existimet.
629 672 789 714 Accidit
829 672 976 724 igitur,
1031 674 1077 714 ut
1114 683 1254 713 omnes
1297 674 1495 724 tanquam
1533 671 1574 712 in
1612 682 1734 712 unam
1773 681 1990 723 personam
2031 670 2265 713 coalescant
2303 675 2346 713 et
2387 672 2453 713 sui
2491 672 2662 725 quisque

341 745 517 796 oblitus,
565 743 677 797 q'uod
712 743 753 784 in
793 742 920 783 alium
963 742 1168 795 pertinet,
1211 742 1252 784 in
1298 754 1340 783 se
1382 741 1538 784 dictum
1578 744 1719 793 putet,
1770 741 1856 783 sive
1890 745 1937 782 ut
1972 742 2195 783 vernacula
2235 742 2374 794 lingua
2412 746 2530 785 utar:
2576 743 2662 784 Das

341 816 580 859 Mittelbare
611 814 708 855 wird
738 812 1008 855 unmittelbar
1037 813 1295 866 empfunden.
1334 836 1388 842 —
1429 812 1545 863 Quod
1585 812 1703 854 modo
1743 812 1827 853 dixi
1869 812 1993 853 verbo
2029 815 2290 865 μεμνᾶσθαι
2328 812 2662 855 adhortationem

340 890 488 939 inesse,
515 898 566 928 ne
593 886 765 936 mireris,
794 896 925 937 pauca
956 884 1007 926 de
1036 884 1106 926 illo
1136 884 1226 926 loco
1256 884 1448 925 addenda
1469 884 1674 925 videntur.
1733 884 1990 936 Quamquam
2021 883 2130 925 enim
2158 885 2289 936 primo
2317 885 2457 926 intutu
2482 885 2662 927 dubitari

341 961 503 1012 potest,
563 959 699 998 utrum
742 960 889 1008 poetae
932 967 985 996 an
1025 954 1139 996 chori
1191 955 1246 996 sit
1288 954 1482 996 Hieronis
1524 954 1774 1006 meminisse,
1828 954 2086 1006 Hartungius
2134 966 2230 995 vero
2283 959 2476 996 neutram
2514 955 2662 996 harum

342 1028 644 1070 sententiarum
684 1026 865 1079 probans
902 1037 975 1078 pro
1005 1026 1249 1078 imperativo
1289 1026 1417 1066 εἰπόν
1453 1025 1534 1077 legi
1576 1026 1664 1067 vult
1702 1025 1968 1066 indicativum
2005 1020 2132 1065 εἷπον
2172 1029 2212 1065 et
2255 1026 2399 1066 vertit:
2439 1026 2502 1067 ich
2530 1032 2662 1078 sagte,

343 1100 423 1151 gab
464 1098 545 1139 den
584 1097 780 1149 Auftrag,
820 1097 904 1137 sicli
946 1096 1018 1137 des
1063 1097 1189 1137 Hiero
1228 1110 1276 1137 zu
1321 1097 1515 1137 erinnern
1546 1096 1615 1137 sel.
1666 1097 1926 1138 internuncio
1976 1098 2161 1145 Aeneae3
2206 1097 2383 1147 primum
2427 1096 2661 1148 Hartungio

342 1182 423 1212 non
451 1179 615 1223 possum
646 1165 861 1219 assentiri,
898 1178 989 1208 cum
1018 1169 1204 1220 poetam,
1243 1166 1312 1219 qui
1342 1166 1464 1208 modo
1493 1166 1545 1208 ad
1574 1166 1911 1220 praecipiendum
1952 1166 2064 1208 velut
2099 1166 2150 1207 ad
2193 1170 2451 1218 praesentem
2481 1168 2662 1208 Aeneam

342 1252 387 1283 se
416 1243 584 1280 vertens
617 1239 773 1280 directa
800 1237 971 1290 jubendi
1001 1236 1155 1288 forma,
1186 1238 1428 1289 imperativo
1459 1236 1549 1278 dico
1579 1234 1778 1289 ὄτρυνον,
1808 1250 1907 1279 usus
1938 1239 2012 1286 sit,
2050 1237 2190 1289 paullo
2221 1240 2315 1288 post
2342 1237 2591 1288 cogitatione
2619 1239 2662 1278 in

342 1311 620 1366 praeteritum
648 1313 810 1361 tempus
839 1308 1045 1361 relapsum
1075 1308 1134 1349 ita
1165 1308 1215 1349 de
1238 1308 1375 1349 Aenea
1405 1308 1584 1349 locutum
1616 1320 1719 1360 esse,
1748 1320 1866 1360 quasi
1897 1309 1929 1349 is
1958 1308 2010 1349 ab
2041 1320 2129 1360 ipso
2160 1312 2340 1348 remotus
2371 1319 2418 1348 eo
2446 1307 2550 1360 loco,
2579 1320 2661 1360 quo

342 1382 542 1426 mandata
571 1381 607 1421 ei
636 1379 836 1431 exigenda
866 1383 1007 1431 erant,
1040 1383 1303 1431 versaretur,
1345 1379 1443 1420 mihi
1471 1379 1720 1431 persuadere
1747 1391 1829 1419 non
1859 1379 2032 1431 possim3
2069 1391 2199 1430 neque
2228 1379 2259 1418 si
2289 1378 2561 1429 intellexeris,
2606 1379 2661 1420 ad

343 1451 612 1506 impellendos
643 1450 859 1492 choreutas
901 1450 1204 1491 internuncium
1248 1455 1361 1491 recte
1396 1449 1607 1502 adhiberi,
1646 1449 1697 1490 ad
1734 1449 1999 1491 indicandum
2040 1461 2260 1491 memorem
2298 1453 2446 1501 poetae
2483 1450 2663 1491 animum

346 1537 395 1566 eo
434 1536 516 1565 non
558 1533 661 1574 opus
699 1520 849 1571 fuisse,
900 1524 1120 1572 praeterea
1168 1533 1241 1561 nos
1289 1525 1550 1573 exspectare,
1607 1520 1952 1573 quemadmodum
1991 1521 2255 1572 imperativus
2295 1518 2474 1572 ὄτρυνον
2514 1522 2571 1562 sic
2609 1521 2663 1562 ad

345 1595 513 1637 chorum
550 1593 604 1640 sit
642 1592 901 1641 referendus,
946 1596 991 1631 ut
1032 1603 1104 1643 per
1142 1603 1232 1631 eum
1271 1591 1427 1643 aliquid
1464 1590 1558 1641 fiat,
1608 1592 1733 1632 etiam
1774 1592 2019 1643 imperativo
2064 1590 2192 1632 εἰπόν
2227 1603 2367 1643 parem
2401 1591 2481 1631 vim
2517 1591 2664 1642 inesse,

347 1666 524 1717 denique
552 1677 620 1705 eos
649 1663 874 1703 rectissime
905 1662 1138 1713 admoneri,
1181 1667 1226 1702 ut
1254 1663 1364 1713 regis
1395 1675 1598 1703 memores
1630 1662 1734 1712 sint,
1774 1662 1845 1713 qui
1884 1661 2058 1713 benigne
2104 1661 2229 1704 velint-
2270 1662 2321 1704 ab
2352 1661 2420 1703 illo
2451 1662 2580 1714 excipi
2619 1687 2657 1691 —-

345 1736 469 1787 haec,
500 1736 686 1786 inquam,
718 1734 751 1774 si
783 1732 1099 1784 deliberaveris,
1129 1732 1182 1773 ad
1212 1733 1380 1773 chorum
1407 1733 1457 1773 τὸ
1484 1735 1744 1786 μεμνᾶσθαι
1774 1732 1925 1774 referre
1956 1746 2035 1774 non
2062 1733 2147 1786 jam
2179 1732 2397 1775 dubitabis.

476 1806 677 1856 Quoniam
714 1816 840 1857 supra
877 1804 1159 1856 exposuimus,
1200 1803 1408 1856 quomodo
1449 1815 1516 1855 ea,
1559 1816 1664 1856 quae
1702 1803 1752 1845 de
1791 1803 1970 1845 Hierone
2011 1803 2121 1846 dicta
2159 1806 2274 1855 sunt,
2324 1816 2572 1857 quamquam
2611 1804 2663 1846 ad

345 1878 478 1920 solum
507 1877 675 1920 chorum
707 1876 967 1928 pertineant,
1009 1878 1149 1916 tamen
1186 1875 1415 1916 animorum
1451 1874 1629 1927 quadam
1672 1874 1966 1927 imaginatione
2007 1874 2058 1916 ab
2090 1874 2295 1926 omnibus,
2333 1875 2403 1927 qui
2429 1875 2665 1927 audiebant,

346 1951 386 1992 in
418 1961 461 1990 se
489 1948 622 1989 relata
650 1950 864 1998 putemus,
902 1946 995 1997 pari
1036 1946 1153 1986 modo
1193 1947 1318 1987 etiam
1358 1946 1530 1986 alterum
1563 1945 1684 1995 illud,
1727 1958 2000 1997 cognoscere,
2046 1958 2143 1987 num
2169 1945 2417 1988 Boeotorum
2450 1947 2593 1989 vitium
2623 1947 2665 1988 in

346 2019 570 2067 Pindarum
602 2017 742 2064 cadat,
782 2016 1037 2058 audientium
1078 2015 1201 2058 fuisse
1232 2016 1446 2069 probabile
1475 2021 1549 2058 est.
1608 2016 1698 2067 Quo
1740 2028 1829 2058 cum
1857 2015 2072 2070 adjicimus
2109 2015 2324 2058 choreutas
2353 2016 2479 2059 fuisse
2507 2018 2664 2061 nobiles

345 2091 519 2142 amicos,
548 2089 669 2141 aequi
695 2088 838 2141 judicii
867 2089 995 2140 viros,
1025 2087 1190 2129 eosdem
1219 2087 1398 2130 fortasse
1424 2088 1574 2130 bonam
1598 2091 1757 2141 partem
1787 2086 1991 2140 Arcades,
2023 2087 2172 2140 quibus
2200 2087 2298 2141 ipsis
2327 2087 2489 2141 placere
2516 2092 2665 2143 poetae

346 2172 599 2214 magnopere
628 2160 853 2209 intererat,
891 2171 937 2200 eo
976 2159 1110 2200 minus
1150 2158 1386 2200 offensionis
1424 2159 1535 2200 locus
1574 2158 1753 2199 habebit.
1823 2158 1896 2200 Sin
1932 2163 2092 2212 autem,
2136 2159 2241 2200 sicut
2274 2158 2496 2201 Schmidtio
2535 2161 2666 2202 visum

347 2237 432 2286 est,
463 2231 635 2273 chorum
668 2230 780 2271 illum
813 2241 892 2271 non
925 2230 1086 2281 epinicii
1118 2229 1187 2271 sed
1221 2229 1358 2282 hymni
1388 2231 1552 2271 Aeneae
1582 2242 1671 2271 esse
1700 2241 1888 2280 censeas,
1919 2241 1998 2270 non
2031 2234 2114 2271 tam
2141 2229 2238 2282 quid
2269 2229 2511 2283 choreutae,
2543 2243 2666 2283 quam

347 2303 446 2357 quid
473 2304 558 2355 ipse
588 2302 751 2342 Aeneas
777 2301 1033 2353 judicaturus
1064 2304 1193 2351 esset,
1223 2300 1388 2342 Pindari
1419 2300 1656 2342 interfuisse
1685 2302 1884 2351 arbitror,
1918 2305 2210 2354 praeterquam
2237 2301 2348 2354 quod
2374 2302 2413 2342 in
2444 2303 2666 2344 certamine

348 2387 432 2416 non
461 2373 703 2415 alterutrius
733 2371 983 2413 certantium
1011 2384 1143 2424 neque
1173 2371 1482 2423 choreutarum,
1518 2371 1588 2413 sed
1619 2371 1790 2413 aliorum
1815 2371 2013 2425 judicium
2045 2376 2120 2413 est.

478 2444 701 2486 Praeterea
730 2454 983 2496 quamquam
1013 2443 1228 2495 utriusque
1251 2442 1558 2495 infinitivorum‚
1585 2443 1654 2495 qui
1675 2455 1699 2484 a
1722 2443 1849 2484 verbo
1870 2438 2048 2495 ὄτρυνον
2070 2443 2263 2496 pendent,
2294 2443 2437 2486 eadem
2459 2445 2566 2485 ratio
2590 2449 2666 2498 est,

348 2522 486 2560 tamen
519 2514 661 2558 dubito
695 2526 747 2555 an
779 2526 857 2555 non
897 2513 951 2556 ad
987 2514 1164 2555 alterum
1198 2525 1303 2555 nova
1340 2514 1448 2555 illius
1479 2514 1709 2567 imperativi
1748 2514 1861 2553 notio
1903 2514 1959 2554 sit
1991 2518 2125 2554 mente
2154 2513 2355 2555 addenda.
2426 2515 2530 2556 Cum
2560 2516 2667 2557 enim

347 2588 401 2630 ad
426 2587 604 2641 primum
634 2586 878 2627 infinitivum
908 2585 1132 2637 simplicem
1156 2586 1234 2626 vim
1264 2586 1417 2626 habeat
1446 2585 1694 2638 impellendi,
1726 2586 1768 2625 in
1797 2585 1931 2625 altero
1964 2585 2046 2625 tale
2076 2586 2177 2638 quid
2207 2586 2390 2639 postulo:
2421 2586 2456 2627 Ο
2485 2586 2667 2640 Metopa,

346 2660 530 2699 favorem
560 2662 675 2698 tuum
708 2662 749 2697 et
779 2658 974 2709 pietatem
1005 2669 1107 2708 erga
1146 2661 1334 2708 nepotem
1376 2656 1570 2701 ostende,
1606 2656 1675 2696 des
1706 2669 1848 2696 verum
1873 2656 2097 2708 judicium,
2136 2656 2199 2698 fac
2236 2658 2324 2698 sine
2362 2658 2425 2698 ira
2463 2662 2506 2699 et
2534 2657 2668 2699 studio

343 2730 554 2782 judicent,
585 2730 748 2769 animos
778 2742 918 2768 eorum
949 2732 1071 2779 aptos
1102 2732 1140 2768 et
1164 2731 1383 2779 promptos
1410 2727 1539 2769 redde
1567 2727 1624 2767 ad
1651 2741 1746 2768 vere
1765 2727 2064 2779 judicandum,
2097 2732 2141 2769 tu
2169 2729 2277 2769 enim
2307 2727 2412 2770 hanc
2437 2728 2667 2770 animorum

347 2797 621 2852 regendorum
642 2796 882 2838 facultatem
907 2796 1050 2849 habes,
1084 2802 1129 2838 tu
1154 2797 1292 2849 justus
1313 2796 1490 2849 (ὀρθός)
1510 2807 1554 2837 es
1580 2796 1862 2838 internuncius
1884 2801 1926 2838 et
1943 2798 2191 2839 suavitatem
2211 2798 2384 2840 carmini
2406 2810 2495 2839 meo
2516 2798 2669 2840 addere

347 2874 465 2923 potes
494 2868 660 2920 (γλυκύς
695 2866 893 2921 κρατήρ),
936 2879 1062 2919 quare
1103 2879 1167 2908 me
1205 2871 1247 2908 et
1287 2879 1452 2908 carmen
1488 2879 1620 2907 meum
1659 2867 1735 2908 tibi
1773 2867 1951 2910 libenter
1979 2870 2205 2911 committo.

479 2939 639 2980 Dixerit
673 2938 899 2990 quispiam:
949 2937 1049 2989 quid
1088 2938 1252 2980 omnino
1296 2937 1413 2990 prius
1461 2936 1561 2978 illud
1600 2936 1814 2990 imperinm
1857 2951 1945 2980 cum
1988 2939 2119 2981 altero
2156 2938 2285 2981 habet
2322 2939 2565 2981 commune?
2601 2939 2670 2981 ille

346 3011 523 3065 hymnus
558 3009 599 3050 in
629 3008 834 3050 Junonem
865 3007 964 3060 quid
1000 3007 1077 3049 sibi
1105 3008 1217 3059 vult,
1260 3020 1350 3050 cum
1379 3007 1548 3059 Metopa
1590 3008 1852 3062 imploretur,
1892 3014 1938 3051 ut
1967 3010 2126 3051 animos
2170 3010 2358 3051 faventes
2388 3008 2546 3051 faciat?
2586 3009 2669 3052 Cur

347 3082 458 3124 Juno
485 3078 713 3121 Parthenia
743 3080 1004 3131 potissimum
1035 3078 1127 3121 cani
1150 3078 1374 3131 jubeatur,
1402 3079 1563 3120 omnino
1590 3090 1669 3120 non
1698 3085 1892 3132 apparet,
1932 3080 2105 3133 ideoque
2135 3080 2184 3123 de
2216 3080 2421 3122 Mercurio
2449 3080 2670 3122 Parthenio

346 3154 386 3195 in
416 3152 504 3204 ejus
534 3150 666 3191 locum
695 3149 960 3202 supponendo
990 3148 1244 3201 aliquamdiu
1274 3150 1467 3201 cogitavi,
1500 3150 1559 3191 ita
1590 3153 1636 3191 ut
1664 3161 1738 3202 pro
1758 3148 1902 3202 ‘'Hom-
1932 3151 2181 3192 scriberetur
2200 3150 2381 3203 Ἑρμᾶν,
2411 3150 2670 3193 simulacrum

346 3224 406 3265 il.i
435 3223 513 3264 deo
546 3220 598 3262 ad
633 3220 810 3262 rivulum
842 3219 1109 3262 Partheniam
1151 3219 1193 3262 iu
1234 3219 1475 3262 Pisaeorum
1516 3220 1683 3273 regione
1722 3221 1848 3264 fuisse
1877 3221 2124 3274 suspicatus.
2183 3221 2230 3263 Id
2263 3221 2297 3264 si
2328 3225 2438 3264 recte
2466 3221 2669 3275 fecissem,

344 3294 605 3348 aptissimum
646 3291 789 3334 fuisset
828 3291 1076 3334 Mercurium
1117 3292 1252 3345 gentis
1293 3291 1500 3334 fautorem
1544 3296 1585 3334 et
1625 3293 1752 3345 ipsius
1797 3293 1993 3335 vict-oriae
2032 3296 2241 3336 auctorem
2282 3293 2432 3347 hymno
2462 3294 2671 3336 celebrare

834 3447 855 3467 0
