3020 3869
1510 273 1558 312 12

372 414 447 456 uti.
507 397 710 464 Quoniam
742 415 882 454 autem
913 410 1214 464 Hieronemex
1245 411 1463 465 bonorum,
1490 424 1593 465 quos
1620 409 1821 453 Pindarus
1850 411 1971 463 dicit,
2001 422 2175 453 numero
2201 409 2330 453 fuisse
2360 411 2572 464 probabile
2602 420 2677 467 est,

372 483 470 537 quia
497 482 741 536 plerumque
770 481 892 523 finem
920 482 1147 524 carminum
1171 480 1227 523 ad
1254 493 1345 523 eum
1376 482 1633 535 potissimum
1663 485 1849 535 spectare
1881 480 2079 534 videmus,
2106 480 2171 523 cui
2201 481 2357 534 scripta
2387 486 2497 535 sunt,
2527 483 2567 525 in
2598 483 2678 526 fine

370 553 562 595 carminis
592 564 641 594 eo
669 552 907 604 revertitur,
938 551 1048 593 unde
1071 551 1204 593 altera
1231 563 1330 604 pars
1361 551 1521 605 incipit:
1551 563 1604 593 ne
1632 551 1758 593 Hiero
1785 549 2003 592 fraudibus
2032 562 2076 592 se
2104 549 2234 603 decipi
2262 550 2461 603 patiatur.
2519 552 2566 594 In
2597 565 2677 606 quo

371 622 469 665 mihi
497 624 621 676 poeta
651 633 699 664 eo
730 620 894 663 videtur
920 620 1118 664 urbanior
1146 633 1256 674 esse,
1283 620 1394 675 quod
1424 625 1468 664 et
1496 620 1687 665 Hieronis
1716 632 1760 664 se
1790 619 2010 675 prudentia
2041 618 2148 662 adeo
2180 618 2388 663 confidere
2418 620 2592 676 indicat,
2633 628 2677 666 ut

371 705 462 735 eum
488 692 540 734 ab
567 692 656 745 ipso
682 691 910 733 abalienari
938 703 1063 745 posse
1091 704 1143 734 ne
1172 692 1355 745 cogitare
1384 692 1548 745 quidem
1577 692 1780 744 videatur,
1810 695 1853 733 et
1882 691 2136 732 inimicorum
2166 690 2272 733 dolis
2300 696 2386 732 tam
2412 692 2611 736 intactum
2634 706 2696 736 sev

372 762 568 816 praebet,
597 766 643 804 ut
671 774 763 803 eum
785 761 1090 814 imprudentiae
1116 766 1160 804 et
1187 762 1365 804 invidiae
1394 774 1538 804 eorum
1567 774 1697 815 paene
1726 762 1937 814 misereat3
1965 773 2047 814 quo
2077 759 2146 812 fit,
2173 764 2219 802 ut
2247 760 2296 802 iis
2323 762 2518 815 suadeat,
2544 764 2578 805 si
2607 764 2677 805 illa

371 833 482 875 mala
511 831 692 885 effugere
720 822 865 884 velint,
891 831 1020 885 ipsius
1047 832 1276 885 exemplum
1306 838 1552 885 sequantur,
1576 831 1740 874 honesti
1770 832 1853 874 sint
1882 835 1925 874 et
1951 843 2026 873 sua
2055 834 2167 873 sorte
2194 831 2390 873 contenti.

502 903 597 945 Jam
637 906 684 944 ut
715 903 826 944 brevi
865 902 1138 956 complectar,
1182 914 1289 956 quae
1327 903 1383 944 sit
1419 903 1626 944 sententia
1663 903 1792 944 totius
1830 902 2040 954 carminis,
2085 901 2327 954 sapientiam
2366 901 2456 943 dico
2485 901 2676 944 Hieronis

373 974 604 1029 oppositam
629 986 722 1016 esse
746 971 1047 1026 imprudentiae
1077 973 1254 1027 primum
1283 972 1457 1025 Ixionis,
1501 972 1571 1026 qui
1609 970 1776 1015 fortuna
1805 971 2054 1016 obcaecatus
2077 970 2186 1015 ultro
2227 971 2269 1013 in
2293 972 2511 1026 perniciem
2540 972 2677 1027 irruit,

329 1080 333 1085 ,
373 1051 416 1089 et
444 1045 617 1099 aliqu'us
647 1044 879 1098 insolentis,
918 1045 1031 1099 cujus
1060 1044 1177 1087 Ixion
1206 1044 1436 1098 exemplum
1466 1048 1548 1096 est,
1598 1042 1743 1087 deinde
1772 1043 2002 1087 delatorum
2034 1046 2078 1086 et
2105 1042 2449 1097 obtrectatorum,
2492 1044 2565 1097 qui
2600 1056 2676 1087 sua

374 1116 529 1160 invidia
556 1121 701 1170 pectus
732 1116 810 1159 sibi
840 1116 1081 1159 dilacerant.
1137 1116 1275 1169 Atque
1304 1127 1394 1158 cum
1422 1116 1465 1158 in
1494 1115 1622 1169 priori
1646 1119 1765 1169 parte
1790 1119 1912 1169 poeta
1937 1115 2090 1158 Ixionis
2118 1113 2255 1158 fabula
2283 1114 2338 1157 sit
2362 1126 2473 1169 usus,
2504 1116 2677 1159 mediam

345 1183 690 1241 ‘interposuerim
743 1191 791 1229 ut
827 1187 1022 1229 Hieronis
1065 1187 1313 1240 sapient-iam
1361 1186 1483 1228 laude
1532 1185 1728 1239 majorem
1773 1186 2055 1240 praedicaret,
2107 1186 2195 1239 ejus
2232 1197 2324 1227 cum
2362 1185 2677 1229 Rhadamantho

376 1257 704 1309 similitudinem,
733 1257 941 1299 delatores
970 1257 1064 1299 illos
1092 1260 1136 1299 et
1164 1256 1336 1309 invidos,
1368 1260 1510 1310 utpote
1535 1267 1666 1309 genus
1695 1255 1916 1309 malignum
1948 1259 1990 1297 et
2016 1255 2270 1307 detestabile,
2303 1256 2405 1299 satis
2431 1255 2556 1299 habet
2584 1269 2674 1300 cum

375 1329 505 1372 simiis
533 1332 577 1372 et
602 1327 789 1381 vulpibus
818 1339 1072 1382 componere.
