3020 3869
1429 1008 1520 1053 De

420 1127 950 1244 Pindari
1033 1137 1600 1247 carmine.
1661 1132 2309 1287 Olympico
2375 1132 2524 1246 vl.

1141 1336 1808 1431 disputatio.

448 1698 638 1772 »Am-eas
682 1727 785 1770 bene
831 1733 1043 1770 exstructo
1092 1728 1235 1771 doinus
1284 1728 1482 1771 vestibulo
1530 1728 1790 1781 subjicientes
1833 1728 2042 1770 columnas
2090 1728 2364 1782 aedificemus,
2415 1730 2542 1771 veluti
2584 1731 2618 1772 si

316 1799 551 1853 praeclaras
579 1798 700 1841 aedes
729 1798 947 1851 faciamus,
987 1800 1216 1852 incipientis
1252 1800 1357 1842 enim
1392 1799 1528 1852 operis
1568 1798 1747 1842 frontem
1787 1799 1902 1842 decet
1931 1812 2084 1852 ponere
2115 1800 2413 1854 splendentem3
2456 1801 2491 1843 si
2523 1801 2616 1854 quis

317 1875 453 1913 autem
493 1871 547 1912 sit
583 1870 818 1922 Olympicus
856 1870 986 1911 victor
1024 1883 1199 1923 araeque
1238 1870 1427 1917 fatidicae
1464 1870 1700 1923 praefectus
1744 1870 1864 1912 Pisae
1901 1874 1944 1912 et
1981 1870 2090 1912 inter
2126 1871 2355 1913 conditores
2397 1871 2616 1914 celebrium

317 1942 634 1994 Syracusarum,
691 1954 904 1992 quemnam
957 1941 1025 1983 ille
1073 1941 1258 1993 defugiat
1301 1941 1516 1993 hymnum,
1579 1946 1726 1993 nactus
1768 1955 1862 1983 eum
1914 1955 1996 1983 non
2037 1942 2268 1983 invidorum
2318 1942 2465 1984 civium
2510 1943 2618 1984 inter

317 2010 609 2055 desiderabiles
648 2011 846 2054 cantus‘?«

446 2082 520 2125 His
548 2082 682 2125 verbis
724 2082 866 2135 incipit
900 2082 1069 2125 Pindari
1109 2095 1272 2125 carmen
1302 2082 1551 2136 Olympicum
1600 2086 1760 2125 sextum
1789 2083 2066 2136 conscriptum
2094 2082 2134 2125 in
2179 2082 2394 2135 Agesiam,
2437 2082 2618 2125 Sostrati

316 2152 466 2206 filium,
505 2152 795 2207 Syracusium‚
839 2154 906 2207 qui
937 2153 1123 2207 Olympia
1165 2154 1262 2196 vicit
1301 2153 1521 2197 secundum
1557 2152 1754 2196 Boeckhii
1793 2154 1975 2196 rationes
2008 2153 2069 2197 Ol.
2103 2157 2178 2208 78,
2222 2152 2327 2208 quod
2355 2165 2453 2195 num
2491 2152 2619 2196 fuerit

317 2225 511 2267 victoriae
551 2229 736 2278 tempus,
783 2237 863 2266 non
899 2224 1056 2278 absque
1096 2225 1218 2267 dubio
1256 2230 1330 2267 est.
1389 2225 1530 2278 Neque
1570 2237 1666 2267 vero
1707 2224 1773 2267 hic
1810 2225 1860 2267 de
1901 2225 2157 2279 temporibus
2199 2224 2423 2266 carminum
2450 2224 2618 2267 Pindari

317 2296 529 2349 disputare
558 2295 657 2336 mihi
686 2296 900 2349 proposui,
933 2296 1002 2348 qui
1031 2309 1120 2337 cum
1149 2297 1282 2349 primo
1312 2297 1352 2337 in
1382 2296 1486 2338 hanc
1519 2296 1802 2349 quaestionem
1829 2295 1914 2337 late
1941 2299 2151 2349 patentem
2181 2295 2255 2337 hoc
2282 2295 2421 2336 libello
2451 2295 2618 2337 uberius

316 2367 523 2418 inquirere
554 2366 594 2407 in
618 2367 752 2407 animo
783 2366 1019 2417 habuerim,
1056 2379 1163 2408 nunc
1192 2366 1413 2408 officiorum
1444 2366 1637 2408 oneribus
1666 2380 1831 2418 pressus
1862 2380 1908 2408 eo
1938 2368 2012 2407 sim
2043 2366 2216 2417 delatus,
2245 2370 2293 2407 ut
2319 2366 2616 2407 confectionem

316 2435 497 2479 inchoati
526 2436 662 2489 operis
707 2436 931 2490 desperans
967 2450 1121 2489 pauca,
1157 2450 1260 2490 quae
1292 2436 1400 2478 forte
1440 2435 1606 2479 fortuna
1641 2449 1684 2478 se
1715 2436 1968 2488 obtulerunt,
1997 2436 2153 2478 delecta
2183 2440 2363 2478 tractare
2392 2436 2614 2479 instituam.

446 2506 621 2558 Agesiae
656 2507 785 2559 igitur
830 2507 1041 2549 victoriam
1090 2506 1290 2548 Pindarus
1325 2506 1495 2559 epinicio
1539 2506 1823 2548 celebraturus
1863 2507 1902 2548 in
1932 2518 2053 2560 opere
2090 2506 2375 2559 instituendo,
2422 2519 2503 2560 quo
2545 2506 2615 2549 fiat

317 2577 602 2630 spectabilius,
641 2577 854 2619 architecti
883 2578 1044 2619 ratione
1077 2578 1174 2619 dicit
1204 2577 1398 2618 utendum
1430 2589 1538 2629 esse,
1580 2578 1649 2631 qui
1679 2589 1826 2636 aureas
1857 2578 2063 2618 columnas
2092 2576 2254 2618 aedium
2284 2577 2492 2619 vestibulo
2522 2578 2613 2619 sub-

314 2648 443 2701 jiciat.
503 2648 617 2698 Quod
651 2660 753 2700 opus
785 2648 906 2700 quale
934 2649 1253 2701 intellegendum
1284 2649 1349 2699 sit,
1379 2648 1452 2688 viri
1480 2647 1588 2689 docti
1618 2648 1735 2689 valde
1765 2647 2008 2700 discrepant.
2068 2647 2174 2690 Sunt
2203 2648 2322 2700 enim,
2349 2649 2418 2701 qui
2445 2649 2613 2691 aedibus

317 2719 564 2771 respondere
591 2719 721 2760 velint
750 2718 828 2760 hoc
856 2720 988 2771 ipsum
1010 2720 1235 2772 epinicium,
1262 2723 1306 2760 ut
1336 2719 1545 2759 columnae
1573 2731 1720 2759 aureae
1749 2719 1833 2759 sint
1861 2719 1984 2760 verba
2013 2718 2053 2759 in
2083 2718 2307 2770 primordio
2336 2720 2485 2771 posita,
2514 2731 2614 2771 quae

316 2789 535 2842 splendore
565 2801 660 2842 suo,
701 2793 747 2831 ut
774 2789 986 2831 columnae
1024 2790 1171 2841 aedes,
1211 2801 1370 2830 carmen
1406 2789 1564 2840 insigne
1594 2788 1783 2829 reddant.
1857 2788 1933 2829 His
1965 2788 2215 2830 adversatur
2243 2789 2305 2830 vir
2333 2801 2454 2830 verae
2482 2789 2613 2842 poesis

316 2858 378 2900 vel
414 2859 840 2912 intellegentissimus,
877 2860 917 2900 in
947 2859 1125 2901 Pindaro
1166 2857 1460 2911 perscrutando
1499 2857 1604 2900 idem
1642 2858 1958 2911 subtilissimus,
2002 2859 2048 2900 L.
2075 2858 2342 2913 Schmidtius,
2372 2864 2612 2913 praeceptor

314 2941 428 2971 meus
458 2928 757 2971 dilectissimus.
816 2930 856 2971 Is
884 2930 924 2971 in
953 2929 1085 2982 libro,
1127 2941 1245 2983 quem
1283 2928 1507 2981 inscripsit:
1550 2928 1750 2971 »Pindars
1780 2928 1919 2971 Leben
1963 2930 2049 2972 und
2080 2929 2311 2983 Dichtung«
2341 2943 2380 2983 p.
2410 2934 2486 2972 275
2513 2942 2614 2983 sqq„

315 3000 385 3041 ubi
413 2999 463 3041 (lc
492 3000 679 3041 versibus
709 3003 866 3041 82—91
912 3000 1118 3053 disputat,
1160 3000 1202 3040 in
1243 3000 1292 3041 iis
1330 2999 1578 3052 explicandis
1619 3012 1663 3040 eo
1708 3000 1897 3053 ducitur,
1939 3005 1986 3041 ut
2025 3001 2250 3042 Pindarum
2281 3005 2413 3042 totum
2452 3012 2613 3042 carmen

315 3083 435 3111 suum
475 3070 723 3112 vestibulum
764 3070 968 3123 quoddam
1011 3070 1258 3112 intellexisse
1302 3069 1521 3110 contendat
1558 3070 1597 3111 h.
1627 3082 1659 3111 e.
1695 3070 1868 3111 ‘initium
1897 3070 2154 3123 splendidum
2192 3070 2285 3112 festi
2324 3071 2423 3124 diei,
2462 3071 2529 3124 qui
2571 3071 2613 3112 in

313 3141 485 3182 Junonis
516 3140 715 3182 honorem
746 3141 974 3194 Stymphali
1006 3143 1044 3182 in
1079 3141 1180 3182 urbe
1207 3140 1407 3181 Arcadiae
1432 3140 1596 3182 habitus
1626 3145 1668 3181 et
1691 3146 1787 3193 post
1817 3142 2032 3194 epinicium
2062 3146 2275 3183 cantatum
2306 3142 2396 3183 aliis
2424 3141 2613 3193 deinceps

314 3210 489 3264 hymnis,
520 3212 718 3264 imprimis
749 3212 899 3265 hymno
929 3212 970 3252 in
1000 3212 1203 3253 Junonem
1233 3223 1258 3251 a
1286 3215 1407 3263 poeta
1439 3211 1613 3264 quodam
1640 3212 1861 3262 Arcadiae,
1900 3213 2050 3264 Aenea,
2082 3212 2259 3253 confecto
2289 3212 2518 3253 celebratus
2546 3213 2611 3252 sit.

314 3281 375 3321 De
407 3292 488 3332 quo
517 3280 603 3322 loco
633 3286 778 3333 postca
817 3283 1047 3324 accuratius
1078 3281 1312 3332 videamus3
1356 3293 1461 3322 nunc
1491 3281 1565 3322 lioc
1595 3294 1719 3322 unum
1750 3282 2084 3334 praecipiendum
2116 3282 2304 3333 videtur,
2346 3294 2475 3333 neque
2504 3281 2611 3322 diem

2320 3371 2336 3404 1

2626 3625 2988 3869 A

2996 3774 3020 3869 μ’
