3020 3869
1451 291 1495 328 11

452 426 674 478 Postquam
704 426 833 478 igitur
858 427 1069 479 praeclara
1100 427 1170 468 illa
1199 428 1332 470 virtus
1354 429 1513 470 duobus
1534 428 1730 480 exemplis
1760 427 1966 469 illustrata
1995 433 2080 479 est,
2107 429 2156 470 iis
2186 429 2407 481 opponitur
2436 428 2548 471 velut
2575 429 2626 471 ad

324 500 524 539 terrorem
554 496 762 538 hominum
793 497 949 548 ingrati
979 501 1023 539 et
1051 498 1266 541 insolentis
1296 500 1500 551 amentia,
1531 500 1707 549 Ixionis,
1737 488 1916 551 quocum
1943 474 2067 551 po&
2095 499 2269 552 aliquem
2300 504 2627 552 comparaturus,

322 569 390 621 qui
421 567 473 610 ab
502 567 694 610 Hieronis
722 567 801 609 fide
844 572 887 610 et
909 568 1091 610 amicitia
1123 569 1349 621 defecerat,
1387 570 1525 612 subito
1557 581 1601 611 se
1630 573 1815 620 coercet,
1854 581 1941 611 cum
1970 569 2104 611 odium
2131 582 2176 611 se
2203 569 2343 622 fugere
2370 568 2474 613 velle
2505 569 2626 613 dicat.

321 637 498 691 Polyzeli
538 637 603 680 hic
642 650 731 680 cum
773 638 953 681 Hierone
992 638 1121 681 fratre
1159 639 1410 682 simultatem
1449 645 1597 693 poetae
1635 644 1734 682 ante
1783 640 1921 682 oculos
1975 640 2237 683 obversatam
2277 652 2367 683 esse
2406 645 2451 683 et
2489 641 2625 684 odium

322 708 540 761 Theronis,
583 708 693 761 apud
720 722 840 762 quem
879 712 921 752 et
958 713 1081 763 poeta
1111 713 1153 752 et
1187 710 1403 763 Polyzelus
1444 714 1532 753 tum
1571 711 1707 763 gratia
1744 711 1921 752 multum
1949 710 2163 764 valebant,
2200 711 2423 753 Pindarum
2452 711 2625 755 voluisse

322 779 530 821 declinare
573 779 607 821 si
647 791 807 831 censeS,
846 780 1032 832 equidem
1068 792 1148 823 non
1187 781 1384 834 impedio,
1423 793 1670 834 quamquam
1705 793 1779 835 pro
1820 786 1931 823 certo
1970 781 2047 823 hoc
2086 781 2296 823 affirmare
2335 782 2441 824 nolo.
2499 783 2625 824 Poeta

322 850 447 904 igitur
475 861 557 891 non
589 850 707 892 modo
737 863 820 892 non
850 855 915 892 est
943 852 1141 903 rusticus,
1172 852 1244 893 sed
1271 864 1321 893 ne
1349 853 1391 893 in
1422 852 1603 894 inimicos
1635 852 1798 905 quidem
1826 853 2015 893 Hieronis
2047 853 2230 893 convicia
2255 857 2396 905 aperte
2425 854 2622 907 conjicere

322 922 431 968 vult,
469 922 510 963 in
541 936 621 974 quo
653 935 744 963 eum
774 922 902 964 multo
931 923 1055 964 etiam
1082 923 1375 975 elegantiorem
1415 924 1709 976 judicabimus,
1748 923 1782 965 si
1820 936 1909 966 eum
1940 936 2020 965 non
2052 922 2224 965 aliorum
2253 922 2461 967 hominum
2490 928 2533 967 et
2561 925 2622 968 5111

321 992 523 1034 commodi
553 993 752 1034 rationem
771 993 973 1044 habuisse,
1004 994 1076 1035 sed
1099 999 1271 1046 propter
1296 995 1475 1036 animum
1497 1006 1615 1036 suum
1645 1005 1821 1046 aequum
1852 998 1893 1035 et
1922 994 2178 1036 conviciandi
2209 994 2419 1037 insuetum
2447 995 2622 1049 amplius

321 1063 562 1105 maledicere
610 1063 789 1105 noluisse
828 1067 1071 1106 statuamus.
1129 1064 1360 1107 Secundum
1416 1065 1627 1117 vulgarem
1670 1065 2056 1117 interpretationem
2105 1064 2229 1107 verba
2270 1077 2411 1108 versus
2456 1068 2528 1109 56:
2573 1067 2624 1108 τό

321 1133 525 1174 πλουτεῖν
554 1132 603 1174 δὲ·
635 1132 716 1176 σύν
745 1131 854 1188 τύχᾳ
883 1132 1054 1186 πότμου
1082 1136 1239 1188 σοᾳίας
1268 1131 1446 1188 ἄριστον
1474 1138 1740 1188 opponuntur
1769 1134 1840 1187 iis,
1878 1146 1982 1187 quae
2015 1134 2066 1176 de
2090 1134 2333 1177 Archilocho
2362 1136 2482 1177 modo
2510 1136 2622 1178 dicta

320 1206 461 1255 erant,
500 1207 540 1246 et
571 1203 610 1246 in
642 1216 765 1246 versu
793 1207 845 1246 54
875 1202 1020 1246 verba:
1061 1204 1108 1245 ἐν
1136 1203 1362 1259 α’μαχανῐᾳ
1398 1208 1634 1247 vertuntur:
1676 1206 1715 1245 in
1743 1208 2001 1257 paupertate.
2059 1205 2139 1245 Sed
2167 1210 2335 1258 praeter
2364 1216 2486 1258 quam
2511 1206 2621 1259 quod

319 1278 441 1327 poeta
474 1274 682 1327 indignum
721 1278 784 1317 est
823 1278 992 1327 propter
1033 1274 1290 1328 paupertatis
1335 1280 1486 1317 metum
1525 1275 1742 1318 conviciari
1768 1286 1850 1316 non
1883 1275 2003 1328 velle,
2043 1287 2134 1316 meo
2170 1275 2324 1330 Judicio
2363 1276 2508 1317 verba:
2546 1278 2621 1331 ἐμὲ

320 1347 369 1387 δὲ·
397 1344 532 1400 χρεών
562 1370 614 1376 -
648 1344 926 1399 πιαινόμενον
957 1345 1069 1388 velut
1097 1345 1137 1387 in
1167 1345 1401 1397 parenthesi
1434 1346 1680 1399 interposita
1702 1349 1821 1399 511111,
1859 1346 1918 1387 113
1949 1350 1995 1388 111
2024 1345 2171 1387 verba:
2210 1345 2389 1401 ἑτέροισι
2417 1347 2464 1387 δὲ
2496 1348 2620 1396 κῦδος

320 1417 507 1473 οἷγήραον
536 1416 750 1470 παρέδωκ’
778 1417 1034 1469 excipiantur
1061 1417 1214 1458 verbis:
1251 1417 1300 1457 τό
1330 1417 1533 1458 πλουτεῖν
1563 1419 1616 1458 δέ
1640 1422 1737 1469 etc.,
1767 1421 1808 1458 et
1836 1417 1936 1459 haec
1965 1419 2019 1458 sit
2049 1418 2277 1458 sententia:
2305 1417 2490 1460 homines
2523 1420 2618 1460 vani

320 1494 361 1531 et
390 1488 614 1531 insolentes
652 1499 676 1528 a
707 1487 783 1528 diis
820 1487 1075 1540 perduntur,
1115 1487 1183 1528 alii
1217 1488 1354 1539 gratia
1384 1488 1549 1528 deorum
1580 1488 1743 1540 valent,
1783 1492 1826 1528 et
1866 1489 1906 1528 id
1947 1489 2051 1540 quod
2082 1490 2279 1540 optimum
2310 1488 2463 1529 homini
2493 1501 2517 1529 a
2546 1490 2621 1530 deo

321 1560 413 1601 dari
444 1563 597 1612 potest,
627 1558 830 1610 sapientia
856 1561 921 1599 est
947 1558 1100 1599 divitiis
1129 1558 1214 1599 sive
1244 1558 1366 1599 rebus
1395 1559 1584 1600 secundis
1614 1559 1831 1611 adiuncta:
1866 1559 1943 1599 hac
1969 1564 2029 1611 tu,
2059 1559 2195 1610 Hiero,
2225 1558 2391 1611 frueris,
2422 1565 2463 1600 te
2494 1561 2621 1612 igitur

318 1641 476 1672 canam.

448 1699 542 1740 Jam
571 1698 622 1738 de
653 1697 786 1738 altera
814 1701 933 1749 parte
960 1698 1040 1738 erit
1067 1697 1381 1750 disputandum,
1413 1709 1532 1749 quarn
1562 1710 1639 1739 sua
1667 1710 1790 1740 causa
1817 1702 1942 1750 poeta
1972 1697 2205 1750 adjunxisse
2236 1697 2409 1748 videtur,
2442 1699 2516 1740 sed
2545 1699 2619 1741 ita.

319 1773 367 1811 ut
396 1772 510 1810 arcte
539 1780 629 1809 cum
668 1767 792 1820 priori
830 1767 1067 1820 cohaereat,
1108 1771 1149 1809 et
1189 1768 1306 1820 cujus
1335 1779 1491 1809 summa
1531 1779 1580 1809 ea
1610 1772 1691 1818 est,
1730 1772 1778 1809 ut
1802 1779 2067 1809 susurronum
2095 1771 2139 1809 et
2166 1767 2508 1822 obtrectatorum,
2549 1771 2616 1822 qui

318 1839 534 1881 Hieronem
575 1850 600 1879 a
637 1840 760 1890 poeta
799 1836 1034 1879 abalienare
1073 1837 1317 1889 studebant,
1367 1837 1607 1890 improbitas
1652 1841 1779 1890 atque
1813 1838 2091 1890 imprudentia
2129 1849 2236 1878 vana
2275 1842 2318 1878 et
2357 1838 2456 1891 ipsis
2493 1839 2615 1880 noxia

318 1910 564 1961 castigetur3
605 1908 656 1949 ad
688 1907 824 1959 quod,
863 1908 1051 1959 quoniam
1081 1906 1282 1949 Pindarus
1313 1907 1377 1949 hic
1405 1906 1454 1948 de
1484 1907 1686 1960 sapientia
1715 1908 1906 1949 Hieronis
1942 1907 2150 1960 loquitur,
2204 1908 2362 1948 occasio
2411 1908 2511 1949 data
2553 1913 2614 1949 est

318 1981 492 2020 maxime
518 1982 761 2030 opportuna.

448 2049 576 2092 Poeta
610 2048 738 2101 igitur
767 2047 995 2100 sapientiae
1023 2058 1114 2090 esse
1143 2046 1356 2091 contendit
1384 2045 1685 2090 adulationibus
1711 2049 1753 2089 et
1782 2044 2055 2090 delationibus
2084 2057 2164 2089 non
2191 2045 2363 2101 moveri,
2394 2045 2469 2089 sed
2496 2045 2544 2089 de
2574 2057 2617 2089 55

318 2133 515 2174 quemque
546 2124 587 2161 et
617 2119 666 2161 de
702 2131 784 2160 una
815 2130 978 2171 quaque
1015 2131 1060 2160 re
1090 2119 1221 2171 ipsum
1248 2117 1440 2171 judicare.
1498 2117 1630 2170 Talis,
1671 2117 1828 2171 inquit,
1873 2129 1896 2159 o
1925 2117 2073 2169 Hiero,
2114 2129 2214 2171 erga
2243 2130 2306 2159 1115
2337 2118 2414 2171 515,
2452 2117 2614 2170 qualem

319 2191 531 2245 hucusque
562 2196 602 2233 te
633 2188 871 2244 praebuisti,
904 2189 1068 2242 cognita
1099 2192 1170 2232 tua
1202 2188 1336 2232 indole
1364 2191 1406 2231 et
1433 2188 1578 2230 bonam
1599 2191 1795 2231 naturam
1824 2193 1987 2230 secutus
2017 2189 2156 2242 (γένοι’
2185 2182 2268 2237 οἷος
2296 2188 2393 2230 ἐσσὶ
2421 2188 2614 2242 μαθών).

318 2262 695 2305 calumniatoribus
726 2266 767 2302 te
806 2264 848 2302 et
878 2259 1160 2302 adulatoribus
1195 2271 1285 2301 esse
1315 2259 1604 2301 circumdatum
1645 2271 1725 2301 non
1757 2260 1923 2312 ignoro,
1961 2260 2029 2301 sed
2060 2261 2165 2301 sicut
2194 2271 2336 2301 saxum
2364 2260 2404 2301 in
2436 2260 2541 2301 mari
2573 2264 2616 2301 et

320 2338 519 2386 tanquam
540 2333 646 2374 alter
661 2331 1003 2373 Rhadamanthus
1032 2330 1288 2372 illabefactus
1317 2342 1453 2372 eorum
1475 2329 1845 2372 machinationibus
1871 2330 2052 2372 obstabis
2076 2354 2119 2359 —
2143 2335 2254 2371 certe
2284 2330 2358 2371 hoc
2386 2330 2615 2383 sapientiae

318 2410 415 2447 tuae
443 2409 509 2446 est
539 2427 589 2432 —-
622 2415 711 2445 cum
739 2402 844 2444 scias
874 2405 916 2443 et
944 2414 1059 2453 eum,
1093 2401 1162 2453 qui
1194 2400 1400 2452 aduletur,
1439 2404 1480 2442 et
1507 2401 1615 2452 apud
1645 2412 1767 2453 quem
1798 2400 2008 2452 aduletur,
2050 2401 2147 2442 nihil
2171 2401 2246 2442 nisi
2275 2401 2429 2441 malum
2458 2412 2508 2441 ex
2538 2400 2614 2441 hac

317 2475 479 2517 fallacia
507 2485 653 2526 capere
682 2473 827 2514 solere.
875 2472 969 2514 Jam
989 2471 1196 2513 Pindarus
1218 2472 1258 2512 in
1279 2470 1498 2523 malignum
1527 2470 1629 2511 illud
1652 2475 1693 2512 et
1710 2482 1881 2523 pravum
1900 2471 2223 2511 obtrectatorum
2243 2482 2372 2521 genus
2404 2470 2613 2511 invehitur

272 2578 275 2579 γ
317 2551 358 2588 51
374 2548 550 2600 primum
571 2545 733 2598 quidem
756 2543 854 2584 dicit
877 2542 978 2584 nihil
1004 2555 1072 2585 eos
1091 2541 1303 2584 fraudibus
1324 2542 1409 2583 suis
1431 2541 1608 2593 assequi,
1638 2543 1825 2594 quamvis
1847 2544 1929 2584 51111
1949 2541 2088 2593 astuti,
2119 2546 2160 2581 et
2180 2552 2377 2593 perversa
2399 2541 2611 2595 pugnandi

315 2619 474 2660 ratione
508 2616 588 2669 uti,
643 2627 734 2657 cum
770 2613 1067 2667 εὐθύγλωσσοι
1105 2626 1194 2656 5555
1233 2613 1406 2655 debeant
1444 2617 1486 2654 et
1521 2617 1627 2655 slcut
1655 2613 1861 2655 Pindarus
1899 2613 2034 2665 aperti
2070 2617 2145 2653 aut
2178 2612 2298 2653 amici
2337 2617 2409 2654 aut
2449 2612 2611 2665 inimici,

315 2689 421 2742 quod
448 2689 481 2731 51
511 2687 684 2740 faciant,
724 2686 873 2740 ubique
905 2698 975 2728 eos
1012 2686 1107 2728 usui
1133 2684 1307 2726 futuros.
1365 2683 1587 2724 Praeterea
1616 2687 1751 2724 autem
1787 2683 1944 2724 invidos
1982 2682 2072 2723 illos
2113 2694 2206 2723 cum
2244 2683 2321 2731 diis
2351 2683 2609 2734 contendere,

315 2761 383 2814 qui
412 2765 546 2802 sortes
574 2759 779 2801 hominum
809 2758 1079 2808 distribuant,
1114 2769 1202 2800 cum
1233 2767 1371 2798 eorum
1400 2758 1648 2807 potestatem
1679 2766 1760 2796 non
1786 2758 2012 2806 agnoscant
2041 2758 2083 2794 et
2112 2766 2244 2807 aequo
2274 2754 2366 2806 plus
2396 2759 2608 2807 appetant,

316 2844 396 2884 quo
424 2832 509 2883 fiat,
538 2835 585 2872 ut
614 2831 691 2883 ipsi
721 2830 800 2870 51111
828 2830 998 2870 vulnera
1026 2829 1067 2869 in
1096 2834 1264 2880 pectora
1292 2826 1490 2878 infligant,
1518 2838 1607 2868 cum
1630 2827 1761 2867 satius
1789 2826 1855 2875 sit,
1881 2825 2028 2877 jugum
2054 2826 2290 2878 impositum
2312 2836 2446 2878 aequo
2475 2826 2608 2866 animo

315 2903 433 2945 ferre.
497 2902 616 2952 Quod
657 2906 796 2942 autem
835 2906 957 2953 poeta
994 2912 1113 2940 versu
1150 2902 1201 2940 89
1240 2897 1355 2939 dicit:
1396 2895 1487 2937 ἀλλ’
1527 2895 1629 2937 οὐδὲ
1665 2897 1801 2937 ταῦτα
1840 2894 1939 2936 νόον
1977 2894 2103 2937 ἰαίνει
2135 2897 2386 2950 φθονερῶν,
2435 2897 2608 2950 primum

314 2973 473 3016 invidos
502 2973 663 3016 eosdem
681 2984 769 3014 esse
798 2975 898 3024 puto
927 2975 1049 3024 atque
1077 2982 1157 3022 eos,
1185 2968 1253 3023 qui
1283 2967 1528 3020 obtrectant,
1560 2965 1704 3009 deinde
1726 2966 1924 3009 vocabulo
1955 2968 2096 3008 ταῦτα
2117 2979 2199 3009 11011
2228 2978 2298 3010 535
2324 2978 2389 3009 res
2411 2967 2606 3010 contineri

315 3057 472 3097 censeo,
503 3056 610 3097 quae
632 3044 781 3085 invidis
803 3042 968 3085 fortuna
999 3042 1271 3094 contigerunt,
1302 3038 1373 3083 sed
1393 3038 1435 3081 id
1457 3038 1563 3092 quod
1592 3037 1710 3081 modo
1743 3037 1897 3080 dictum
1919 3042 1997 3090 est,
2026 3050 2150 3092 penes
2177 3039 2271 3081 deos
2293 3049 2383 3080 esse
2405 3039 2607 3079 hominum

313 3116 542 3168 fortunam3
581 3114 750 3156 verbum
782 3113 908 3153 ἰαίνει
938 3118 1073 3154 autem
1103 3124 1185 3153 non
1214 3111 1339 3153 habet
1368 3111 1445 3151 vim
1475 3109 1720 3160 delectandi,
1752 3109 1823 3151 sed
1853 3110 2083 3162 mitigandi,
2115 3110 2358 3161 deleniendi,
2386 3108 2567 3150 sanandi.

444 3186 601 3237 Quodsi
631 3186 689 3227 illi
718 3184 996 3238 imprudentes
1019 3184 1241 3225 Pindarum
1270 3181 1475 3234 audirent,
1505 3180 1687 3223 contenti
1717 3184 1858 3222 essent
1888 3185 1998 3223 sorte
2029 3193 2116 3233 sua,
2145 3191 2277 3233 neque
2304 3191 2412 3233 quae
2439 3178 2606 3220 ferenda

312 3262 449 3301 essent
478 3256 586 3300 ferre
615 3260 876 3308 recusarent,
906 3267 1039 3308 neque
1069 3266 1158 3296 cum
1188 3253 1264 3295 diis
1294 3253 1506 3306 litigantes
1534 3251 1687 3294 invidia
1716 3251 1792 3305 ipsi
1822 3256 2100 3305 carperentur.
2157 3252 2312 3304 Quibus
2340 3251 2456 3294 dictis
2484 3254 2604 3304 poeta

313 3341 477 3372 carmen
504 3327 713 3371 concludit
740 3338 876 3378 orans,
907 3331 953 3368 ut
981 3326 1229 3367 inimicorum
1261 3323 1340 3366 doli
1367 3323 1475 3365 irriti
1504 3322 1605 3365 fiant
1628 3323 1784 3375 sibique
1810 3323 1933 3365 liceat
1962 3324 2066 3366 sicut
2096 3327 2219 3367 antea
2244 3323 2441 3364 bonorum
2466 3320 2601 3372 gratia
