3020 3869
1447 247 1498 286 10

566 658 803 824 ”ne
888 713 1453 825 carmine
1532 707 2074 861 Phytico
2157 708 2285 823 11.

447 1098 509 1137 Ex
539 1097 728 1138 omnibus
757 1097 806 1137 iis
834 1095 1000 1137 Pindari
1028 1096 1298 1149 carminibus,
1338 1096 1380 1137 in
1412 1095 1559 1147 quibus
1599 1095 1923 1148 interpretandis
1959 1095 2034 1136 viri
2064 1094 2172 1137 docti
2199 1092 2415 1146 laborant,
2458 1106 2620 1136 carmen

315 1168 529 1220 Pythicum
561 1166 784 1208 secundum
816 1166 927 1207 haud
960 1167 1043 1207 scio
1081 1178 1134 1207 an
1173 1167 1229 1207 sit
1267 1165 1560 1206 difficillimum.
1619 1166 1749 1217 Quam
1782 1164 2062 1209 difficultatem
2092 1164 2263 1207 maxime
2296 1163 2336 1206 in
2365 1176 2413 1206 eo
2444 1164 2619 1217 positam

315 1250 405 1281 esse
435 1238 639 1289 arbitror,
681 1236 792 1287 quod
823 1237 1028 1288 quomodo
1058 1237 1192 1277 altera
1224 1248 1321 1290 pars
1358 1236 1453 1277 inde
1488 1247 1512 1277 a
1542 1247 1662 1278 versu
1694 1239 1766 1289 72,
1807 1247 1912 1289 quae
1941 1235 2072 1289 primo
2103 1234 2254 1279 obtutu
2281 1247 2431 1277 novum
2461 1234 2621 1278 videtur

316 1321 482 1352 carmen
513 1320 602 1349 esse
632 1312 674 1348 et
700 1319 775 1360 per
804 1319 847 1347 se
876 1307 1135 1360 absolutum,
1172 1319 1260 1349 cum
1290 1308 1416 1362 priori
1445 1311 1563 1361 parte
1591 1307 1832 1359 cohaereat,
1862 1318 1942 1350 non
1973 1305 2092 1350 facile
2119 1306 2379 1360 perspicitur.
2437 1306 2623 1361 Longum

314 1383 450 1423 estet
480 1383 596 1420 extra
624 1382 822 1430 angustos
851 1377 971 1432 hujus
1012 1379 1201 1431 opusculi
1236 1378 1340 1420 fines
1380 1379 1558 1431 positum
1597 1389 1825 1431 exponere,
1867 1378 1966 1431 quid
2007 1378 2152 1431 cuique
2191 1378 2372 1419 virorum
2409 1376 2624 1419 doctorum

317 1451 367 1492 de
395 1450 472 1491 hoc
501 1449 680 1490 carmine
710 1448 765 1488 sit
792 1448 941 1500 visum3
973 1461 1100 1500 quare
1132 1449 1230 1489 mihi
1261 1450 1471 1500 ignoscas,
1501 1459 1675 1501 quaeso,
1715 1449 1823 1500 quod
1855 1449 1995 1490 statim
2027 1448 2078 1489 de
2108 1448 2199 1501 ipsa
2228 1460 2295 1501 re,
2335 1447 2385 1489 de
2415 1459 2497 1501 qua
2527 1448 2622 1490 mihi

317 1522 522 1564 disserere
551 1519 764 1571 proposui,
810 1518 933 1560 verba
962 1518 1131 1571 faciam,
1168 1519 1217 1561 de
1243 1531 1292 1560 ea
1321 1521 1526 1560 sententia
1556 1520 1665 1570 (Ιίοο,
1705 1530 1812 1571 quae
1852 1525 1985 1561 totum
2026 1531 2188 1560 carmen
2222 1519 2535 1571 complectatur,
2571 1519 2622 1560 ad

314 1602 519 1645 quamque
550 1589 737 1640 singulae
765 1592 932 1641 partes,
960 1592 1005 1630 ut
1035 1595 1145 1630 recte
1175 1590 1492 1641 intellegantur,
1525 1591 1606 1631 sint
1635 1590 1905 1631 revocandae.
1963 1590 2009 1631 In
2037 1602 2139 1641 quo,
2168 1590 2361 1641 quoniam
2389 1590 2507 1630 modo
2538 1591 2623 1630 dixi

316 1663 418 1704 duas
448 1663 593 1713 partes
622 1658 814 1700 carminis
847 1659 974 1700 statui
1003 1671 1145 1712 posse,
1182 1659 1360 1712 primum
1401 1660 1700 1711 anquirendum
1743 1659 1925 1709 videtur,
1966 1659 2064 1711 quid
2104 1660 2159 1700 sit
2198 1660 2305 1700 inter
2341 1671 2410 1700 eas
2448 1659 2624 1700 medium

315 1730 628 1782 interpositum,
667 1728 775 1781 quod
806 1740 876 1770 cas
905 1729 1129 1781 conjungat
1157 1733 1199 1770 et
1228 1730 1390 1782 utrique
1418 1730 1551 1782 possit
1583 1729 1713 1771 lucem
1743 1729 1955 1781 praebere.
2015 1730 2149 1781 Atque
2177 1729 2309 1781 prima
2338 1727 2499 1781 quidem
2525 1741 2623 1781 pars

315 1801 492 1843 maxime
519 1800 561 1839 in
590 1799 743 1839 Ixionis
773 1798 911 1839 fabula
943 1803 1154 1851 versatur,
1183 1789 1321 1840 altera
1351 1803 1441 1840 tota
1470 1799 1521 1840 de
1550 1799 1911 1841 calumniatoribus
1940 1802 1982 1840 et
2012 1797 2358 1840 obtrectatoribus
2388 1797 2533 1840 invidis
2560 1803 2625 1840 est

315 1876 441 1922 atque
467 1869 679 1920 malignis,
719 1869 857 1909 media
883 1869 1129 1921 interposita
1157 1873 1221 1910 est
1252 1869 1442 1909 Hieronis
1471 1868 1584 1922 laus3
1622 1880 1725 1921 quae
1756 1868 1961 1922 quomodo
1993 1880 2084 1910 cum
2115 1868 2186 1920 iis,
2230 1880 2335 1920 quae
2363 1868 2622 1921 antecedunt,

315 1942 535 1993 conjuncta
566 1939 758 1979 videatur
786 1950 896 1979 nunc
926 1939 1006 1979 erit
1033 1938 1329 1991 explicandum.

444 2010 669 2062 Postquam
696 2007 904 2050 Pindarus
939 2007 1093 2052 Ixionis
1122 2007 1304 2053 fabulam
1344 2007 1395 2052 ad
1431 2007 1553 2052 finem
1583 2008 1796 2062 perduxit,
1839 2007 1937 2052 dicit
1965 2007 2150 2051 versibus
2179 2009 2225 2050 51
2259 2019 2347 2061 sqq.
2390 2006 2490 2050 nihil
2521 2020 2622 2061 esse,

316 2082 426 2136 quod
462 2081 561 2122 deus
591 2092 672 2121 non
702 2080 836 2133 possit
863 2080 1052 2133 assequi,
1098 2080 1170 2133 qui
1211 2085 1252 2122 et
1289 2080 1470 2134 aquilam
1507 2084 1548 2122 et
1583 2079 1815 2133 delphinum
1845 2079 2061 2121 velocitate
2088 2075 2330 2132 praevertat
2358 2083 2400 2121 et
2429 2078 2625 2132 superbos

317 2152 502 2207 dejiciat,
543 2151 646 2192 alios
685 2154 829 2192 contra
870 2150 1025 2203 optima
1061 2150 1231 2192 fortuna
1266 2152 1489 2205 impertiat.
1555 2150 1710 2202 Quibus
1740 2150 1875 2193 verbis
1902 2153 2027 2204 poeta
2059 2149 2279 2193 transitum
2307 2148 2406 2192 facit
2433 2162 2458 2192 a
2487 2148 2625 2193 sabula

317 2225 371 2266 ad
399 2236 468 2265 res
497 2226 758 2275 praesentes,
789 2222 970 2274 alioquin
1000 2223 1280 2275 ineptissimus
1312 2226 1434 2264 esset.
1492 2222 1608 2264 Illam
1635 2222 1743 2263 enim
1773 2221 1974 2263 Pindarus
2006 2221 2106 2263 dicit
2133 2220 2199 2272 dei
2227 2224 2490 2275 potestatem,
2519 2233 2624 2275 quae

317 2295 499 2338 Ixionem
529 2292 744 2345 exquisitis
775 2292 985 2345 suppliciis
1015 2292 1219 2346 affecerit,
1259 2305 1334 2334 suo
1372 2304 1533 2346 quoque
1571 2297 1758 2346 tempore
1788 2292 2047 2334 insolentiam
2077 2290 2334 2344 confringere
2364 2296 2406 2333 et
2434 2292 2540 2344 fore,
2577 2296 2626 2333 ut

318 2366 441 2407 otiam
479 2365 521 2405 in
561 2364 609 2404 iis
652 2363 777 2404 rebus
817 2363 976 2416 valeat,
1025 2375 1131 2416 quae
1177 2363 1229 2404 ad
1279 2364 1501 2405 Hieronem
1539 2364 1796 2416 pertineant,
1849 2375 1943 2405 nam
1982 2362 2033 2404 ad
2078 2362 2211 2415 ipsum
2252 2361 2475 2404 Pindarum
2512 2362 2623 2405 illam

317 2435 579 2487 insolentiam
608 2433 864 2474 referendam
897 2445 985 2474 esse
1016 2446 1098 2474 non
1130 2433 1248 2474 facile
1276 2445 1440 2486 possum
1466 2434 1562 2474 mihi
1583 2434 1845 2487 persuadere.
1902 2434 1969 2486 At,
1999 2433 2148 2486 pergit,
2177 2433 2276 2474 mihi
2297 2432 2522 2475 cavendum
2544 2438 2622 2486 est,

317 2518 369 2548 ne
398 2507 438 2548 in
468 2504 660 2547 invidiam
692 2504 869 2546 incidam
902 2516 1055 2555 eorum,
1083 2516 1185 2557 quos
1215 2517 1280 2546 me
1309 2504 1556 2547 offensurum
1589 2504 1810 2547 verisimile
1830 2508 1913 2557 est,
1942 2504 2046 2546 side
2076 2503 2266 2546 insolenti
2296 2504 2384 2558 illo,
2421 2505 2490 2558 qui
2520 2516 2626 2548 nunc

319 2576 506 2627 exstitit,
535 2575 654 2628 plura
685 2574 820 2616 dicere
850 2574 992 2627 velim3
1020 2587 1148 2628 quare
1173 2575 1278 2617 lianc
1304 2588 1389 2618 rem
1417 2577 1584 2619 missam
1612 2576 1730 2619 facio.
1760 2599 1815 2605 —
1842 2576 2026 2619 Insolens
2055 2579 2190 2617 autem
2219 2575 2286 2617 ille
2315 2576 2404 2629 quis
2434 2576 2527 2618 est?
2565 2576 2626 2618 Ne

319 2648 454 2690 dicam
484 2645 684 2695 Pindaro,
717 2650 841 2698 poeta
871 2645 1056 2693 urbano,
1085 2647 1301 2699 indignum
1334 2658 1423 2688 esse
1455 2648 1671 2689 Hieronem
1702 2647 1775 2689 tali
1806 2647 1926 2689 modo
1956 2647 2008 2689 ab
2038 2646 2254 2689 insolentia
2282 2658 2499 2701 revocare,
2535 2647 2626 2689 aliis

319 2717 598 2770 compluribus
628 2718 752 2759 rebus
782 2730 828 2759 eo
859 2717 1061 2769 adducor,
1103 2722 1148 2758 ut
1186 2730 1256 2770 ea,
1298 2730 1403 2771 quae
1442 2719 1493 2760 de
1530 2719 1671 2760 Ixione
1707 2718 1817 2761 dicta
1852 2722 1971 2771 sunt,
2017 2717 2096 2760 alio
2134 2721 2321 2771 spectare
2362 2717 2626 2771 contendam;

319 2802 414 2832 nam
445 2789 478 2830 si
509 2788 731 2830 Pindarum
766 2787 866 2830 illud
908 2788 985 2830 sibi
1018 2790 1281 2842 proposuisse
1321 2794 1617 2841 statueremus,
1659 2802 1743 2842 qua
1782 2790 1944 2831 ratione
1976 2790 2141 2830 laudem
2171 2788 2385 2835 Hieronis,
2429 2788 2626 2842 imprimis

320 2859 446 2901 verba
478 2870 621 2901 versus
651 2861 724 2900 66:
754 2858 907 2912 βουλαὶ
937 2858 986 2899 δὲ
1014 2859 1306 2913 πρεσβύτεραι
1334 2864 1409 2901 etc.
1449 2860 1528 2902 illis
1562 2863 1725 2902 tantum
1755 2872 1835 2901 non
1867 2860 2062 2901 conviciis
2094 2860 2331 2911 convenire,
2371 2864 2414 2901 et
2442 2871 2547 2911 quae
2576 2858 2627 2900 de
2672 2848 2673 2851 ¹

320 2929 525 2972 beneficiis
555 2932 673 2982 grato
702 2930 840 2971 animo
870 2928 1095 2973 referendis
1132 2931 1172 2972 in
1208 2930 1327 2973 initio
1367 2931 1560 2973 carminis
1598 2930 1735 2984 posita
1774 2934 1891 2983 sunt,
1929 2942 2146 2985 quemnam
2180 2930 2233 2973 ad
2270 2929 2390 2973 finem
2419 2929 2490 2972 illa
2520 2929 2629 2972 dicta

322 3014 409 3044 esse
438 3002 710 3055 putaremus?
751 3002 857 3043 Nam
885 3012 1015 3055 neque
1047 3001 1220 3055 Cinyrae
1250 3007 1291 3044 et
1321 3001 1525 3054 virginum
1554 3001 1846 3056 Zephyriarum
1873 3002 2122 3045 mentionem
2149 3002 2237 3045 sine
2267 3005 2378 3045 certo
2407 3000 2575 3043 consilio
2603 3011 2628 3042 a

320 3077 441 3125 poeta
477 3073 649 3114 carmini
686 3073 835 3113 innexa
879 3084 968 3114 esse
1009 3073 1206 3125 arbitror,
1245 3084 1376 3126 neque
1416 3073 1527 3115 nihili
1567 3085 1675 3126 esse,
1725 3074 1834 3127 quod
1877 3073 1995 3115 Ixion
2034 3073 2271 3115 hominibus
2313 3072 2466 3124 ingrati
2503 3071 2628 3112 animi

322 3143 551 3197 exemplum
599 3154 689 3185 esse
729 3146 813 3184 tam
861 3143 1015 3186 diserte
1065 3143 1217 3186 dicitur
1267 3156 1389 3187 versu
1418 3147 1490 3186 21:
1551 3143 1703 3193 Ἰξίονα
1741 3145 1872 3199 φαντὶ
1909 3147 2048 3185 ταῦτα
2086 3147 2255 3198 βροτοῖς
2290 3144 2426 3196 λέγειν
2468 3166 2511 3170 -
2552 3141 2629 3183 τὸν

323 3213 549 3268 εὐεργέταν
589 3214 769 3268 α’γαναΐς
814 3214 1018 3270 ἀμοιβαῖς
1058 3215 1361 3269 ἐποιχομένους
1411 3218 1632 3268 τίνεσθαι,
1688 3220 1731 3259 et
1778 3216 1927 3259 iterum
1973 3229 2092 3259 versu
2121 3220 2196 3258 41:
2248 3215 2294 3256 ἐν
2334 3214 2373 3255 δ’
2399 3212 2630 3267 ἀφύκτοισι

320 3285 566 3338 γυιοπέδαις
594 3286 743 3327 πεσών
772 3287 854 3326 τᾶν
881 3286 1134 3328 πολύκοινον
1163 3287 1366 3335 ἀνδέξατ’
1392 3287 1603 3340 α’γγελίαν.
