3020 3869
1414 254 1435 290 7

270 392 567 446 implorandum
591 395 719 443 esset,
755 390 984 444 Pindarus,
1016 404 1266 443 quamquam
1293 396 1582 444 exspectamus
1604 392 1643 432 in
1669 394 1852 430 extremo
1874 389 2063 440 carmine,
2095 401 2176 441 quo
2197 400 2262 429 res
2288 386 2583 440 quodammodo

271 468 495 506 extraneae
526 466 782 512 tractantur,
824 475 915 502 eum
955 463 1068 503 tenui
1107 463 1295 504 dictionis
1331 476 1483 513 genere
1512 464 1594 506 uti.
1640 467 1776 502 tamen
1809 462 1913 501 mira
1947 461 1983 501 vi
2014 460 2173 512 poetica
2202 459 2336 501 elatus
2370 459 2583 502 etiamtum

271 534 409 578 evolat
437 545 567 586 neque
596 533 648 573 ad
676 532 715 573 id
749 532 834 573 solo
865 533 1041 574 numinis
1069 533 1200 586 illius,
1239 534 1442 586 Metopae.
1473 532 1712 575 conciliandi
1742 531 1880 573 studio
1910 529 2135 582 adductus,
2175 529 2245 572 sed
2276 530 2400 573 etiam
2430 530 2584 583 pietate

270 610 511 656 commotus,
542 617 592 645 ne
612 608 744 644 matre
775 604 808 644 T
812 603 947 647 hebes.
979 604 1105 656 ipsius
1137 605 1299 656 matris,
1330 604 1523 656 indignus
1556 604 1757 645 videatur.

390 677 480 717 Duo
510 677 638 726 igitur
664 680 780 726 sunt,
809 687 915 726 quae
945 674 1167 717 Pindarum
1197 675 1398 717 absolutis
1429 675 1593 717 victoris
1623 679 1664 716 et
1694 675 1953 716 Jamidarum
1984 672 2175 715 laudibus
2205 674 2377 715 maxime
2408 677 2584 723 movent,

271 747 447 799 primum
478 746 548 786 illa
578 758 666 786 cum
697 745 874 786 Arcadia
904 745 943 785 in
974 746 1087 797 poesi
1124 745 1371 796 aemulatio,
1412 759 1491 798 qua
1522 745 1704 787 affirmat
1742 745 1920 797 linguam
1950 743 2023 785 sibi
2054 747 2260 797 tamquam
2291 748 2380 786 cote
2407 744 2584 786 stridula

272 818 362 860 acui
394 822 435 858 et
463 817 632 857 excitari
650 815 702 856 ad
726 815 864 856 dulces
885 819 1044 868 cantus,
1077 829 1156 868 qua
1182 816 1357 867 imagine
1378 828 1547 868 prorsus
1569 816 1758 857 similiter
1778 816 1909 857 utitur
1929 816 1968 856 in
1991 816 2168 856 carmine
2192 814 2291 856 Isth.
2323 815 2357 855 V
2389 828 2508 857 versu
2533 818 2581 857 73

271 889 322 931 ad
353 887 612 930 indicandum
644 890 849 927 certorum
882 885 1088 927 hominum
1118 886 1157 927 in
1187 886 1329 928 iisdem
1359 886 1509 929 studiis
1538 891 1767 938 certamem
1808 887 1954 927 deinde
1985 887 2335 939 propinquitatis.
2371 899 2478 938 quae
2505 887 2581 928 sibi

272 959 327 1001 sit
354 970 445 1001 cum
476 956 664 1009 Metopa‚
704 955 903 996 Arcadiae
930 955 1081 1006 rivulo,
1125 957 1365 999 recordatus
1395 969 1483 998 eam
1524 957 1603 998 sibi
1634 956 1872 997 benevolam
1903 961 1944 996 et
1975 958 2141 996 carmini
2176 957 2379 997 faventem
2409 957 2581 997 reddere

272 1029 413 1070 studet
442 1028 605 1067 laudem
646 1028 681 1066 ei
714 1039 793 1067 non
824 1027 1023 1067 invidens.
1082 1027 1185 1067 Nam
1215 1027 1324 1078 quod
1355 1027 1469 1067 dicit:
1512 1028 1609 1067 ἐσσὶ
1647 1028 1727 1080 γιὲρ
1765 1025 1938 1078 ἄγγελος
1976 1027 2127 1078 ὀρθός,
2168 1027 2363 1067 σκυτάλα
2393 1030 2582 1076 Μοισᾶν,

272 1099 420 1152 γλυκύς
455 1098 616 1151 κρατῇρ
653 1097 968 1150 α’γαᾳϋεγκτων
1005 1097 1176 1143 ἀοιδᾶν,
1227 1097 1326 1139 haec
1369 1100 1505 1140 omnia
1547 1097 1600 1138 ad
1642 1096 1847 1150 Metopam
1892 1097 2109 1138 referenda
2152 1097 2363 1148 videntum
2407 1110 2581 1149 quorum

272 1171 447 1223 primum
486 1175 527 1210 01
564 1168 785 1209 sermidam
822 1169 873 1208 ad
915 1169 1157 1220 interpretis
1197 1173 1238 1209 et
1276 1169 1519 1209 internuncii
1563 1180 1729 1218 1111111113,
1780 1169 1964 1217 tertium,
2009 1168 2116 1219 quod
2155 1169 2319 1208 omnino
2354 1169 2496 1210 inscite
2532 1169 2582 1209 de

274 1243 433 1283 homine
472 1247 515 1281 et.
554 1253 730 1292 persona
763 1245 1004 1292 usurpatum
1043 1244 1172 1291 esset,
1213 1240 1265 1281 ad
1301 1241 1516 1282 Arcadiam
1546 1239 1733 1282 cantibus
1774 1239 1986 1281 florentem
2030 1240 2214 1292 pertinet
2250 1243 2292 1280 et
2331 1240 2385 1282 ad
2426 1239 2578 1282 fontem

272 1313 383 1354 illum
412 1323 519 1363 aqua
550 1323 622 1351 sua
656 1316 820 1362 poetam
853 1311 1135 1363 inspirantem,
1164 1322 1295 1362 aeque
1324 1324 1371 1353 ae
1403 1311 1604 1352 Pindarus
1630 1310 1788 1352 Thebes
1815 1322 1964 1363 aquam
1993 1323 2035 1351 se
2066 1311 2204 1351 bibere
2235 1310 2345 1351 dicit.
2405 1311 2580 1353 Verbum

274 1387 426 1434 πίομαι
465 1383 571 1423 0111111
599 1382 683 1433 jam
724 1387 942 1433 propterea
973 1381 1101 1422 tuturi
1134 1382 1338 1423 notionem
1378 1395 1456 1423 non
1488 1387 1627 1434 potest
1666 1381 1836 1432 habere,
1879 1382 1974 1433 quia
2015 1387 2137 1434 poeta
2177 1382 2252 1422 soli
2285 1383 2460 1434 Agesiae
2500 1396 2579 1424 non

273 1454 549 1505 compluribus
579 1452 833 1504 αἰχματαῖσι
869 1464 1034 1492 carmen
1073 1452 1303 1505 scripturus
1334 1457 1408 1494 est.
1468 1452 1591 1504 Cujus
1626 1458 1765 1493 autem
1796 1453 1991 1493 auxilium
2024 1458 2146 1504 poeta
2182 1454 2321 1505 potius
2359 1454 2578 1506 implorare

273 1528 436 1575 poterat
470 1534 589 1574 quain
632 1522 750 1562 aviae
789 1521 1016 1572 Metopae?
1058 1534 1163 1573 quae
1203 1523 1363 1573 quidem
1394 1535 1459 1563 res
1495 1535 1520 1562 a
1558 1527 1700 1563 nostro
1740 1534 1861 1562 sensu
1900 1524 2117 1575 abhorret,
2158 1535 2306 1574 graeco
2337 1529 2486 1574 poetae
2518 1531 2583 1565 est

273 1594 496 1645 aptissima.
556 1592 654 1632 Cum
698 1591 875 1642 Bergkio
916 1591 1041 1642 igitur
1079 1596 1125 1632 111
1163 1590 1238 1632 fiat
1277 1590 1711 1644 Man-9051d1029‘e‘pae
1751 1594 1974 1645 Σιν,ιιᾳα).ι’ς
2012 1594 2243 1644 vocativus7
2286 1594 2326 1633 in
2367 1606 2487 1634 versu
2531 1598 2579 1634 15

273 1663 441 1705 verbum
473 1663 634 1702 {tamer
672 1661 855 1713 corrigas
887 1660 927 1701 in
964 1663 1142 1712 ἔτικτες,
1183 1667 1224 1702 01
1266 1663 1400 1702 omnia
1430 1663 1553 1714 plana
1583 1662 1695 1702 fient.
1755 1662 1901 1701 Omnia
1941 1674 2045 1714 quae
2085 1663 2136 1702 de
2170 1664 2245 1703 hoc
2284 1664 2370 1704 loco
2401 1664 2579 1714 disputo,

272 1737 387 1787 prius
422 1735 507 1787 jam
546 1733 705 1784 inveni,
761 1745 883 1784 quam
927 1732 1036 1772 illius
1088 1732 1164 1772 viri
1207 1733 1318 1773 docti
1362 1744 1653 1784 perspexeram
1691 1734 1960 1784 sententiani⁷
2014 1734 2128 1782 cujus
2170 1747 2373 1775 consensu
2413 1734 2580 1785 gavisus

273 1805 380 1857 quod
411 1817 457 1845 eo
488 1804 578 1856 plus
606 1804 832 1854 voluptatis
863 1816 884 1843 e
914 1815 1004 1843 mea
1035 1803 1375 1854 interpretatione
1404 1805 1505 1855 cepi,
1537 1804 1630 1855 quis
1661 1809 1737 1855 031,
1769 1804 1867 1855 (111111
1896 1804 1992 1844 1111111
2023 1804 2253 1844 condonet?

401 1876 494 1917 Jam
525 1875 573 1915 de
603 1875 652 1915 iis
688 1874 768 1914 erit
808 1873 1121 1926 disputandum,
1163 1886 1269 1925 quae
1310 1879 1433 1926 poeta
1468 1886 1492 1914 a.
1524 1874 1694 1926 Metopa
1731 1875 1823 1915 avia
1867 1875 2087 1926 impetrare
2128 1875 2277 1915 studet.
2346 1875 2443 1915 Tria
2480 1874 2581 1916 haec

273 1952 390 1988 sunt:
430 1947 605 1998 primum
636 1950 680 1986 ut
710 1947 873 1985 Aeneae
903 1945 1067 1985 sodales
1100 1944 1154 1985 ad
1193 1944 1384 1997 hymnum
1423 1946 1463 1986 in
1496 1945 1670 1987 ‚Iunonis
1710 1945 1905 1987 honorem
1947 1946 2168 1988 canendum
2200 1947 2360 1997 incitet,
2404 1945 2578 1987 alterum

273 2022 320 2060 ut
349 2017 534 2070 impellat
573 2029 643 2058 003
682 2018 834 2068 γνῶναι
864 2015 1046 2069 α’ρχαῖον
1084 2010 1249 2063 ὃίἐιδος
1277 2015 1493 2058 ἀλαθέσιν
1519 2015 1655 2069 λόγοις
1684 2015 1723 2058 εἰ
1751 2016 1963 2071 ᾳεύγομω·
1987 2042 2027 2046 —-
2052 2021 2264 2059 Βοιωτίαν
2293 2009 2368 2069 ὗν,
2410 2018 2579 2059 tertium

275 2095 318 2131 ut
362 2088 554 2130 Hieronis
598 2092 641 2128 et
686 2087 979 2139 Syracusarum
1021 2088 1268 2128 mentionem
1314 2087 1560 2139 interponat.
1637 2087 1819 2138 Quorum
1869 2089 2044 2140 primum
2091 2090 2143 2129 ab
2187 2089 2358 2141 epinicio
2410 2101 2579 2141 prorsus

231 2166 234 2168 ’
273 2159 471 2210 alienum,
514 2158 680 2200 tertium
713 2157 917 2199 comitatis
948 2162 991 2198 et
1021 2158 1222 2198 amicitiae
1252 2161 1336 2209 est,
1374 2170 1461 2199 cum
1492 2157 1668 2200 alterum
1700 2162 1831 2200 totam
1863 2160 1942 2199 vim
1974 2159 2204 2210 contineat,
2250 2171 2342 2199 nam
2377 2159 2452 2198 hoc
2482 2165 2580 2199 ante

273 2230 408 2272 omnia
446 2229 645 2271 Pindarus
686 2229 850 2280 assequi
889 2228 1050 2279 studet,
1101 2232 1148 2269 ut
1191 2228 1362 2280 placeat.
1428 2228 1474 2268 In
1519 2241 1602 2280 quo
1642 2228 1833 2280 offendit,
1879 2230 1985 2280 quod
2031 2230 2161 2270 solum
2202 2230 2366 2269 chorum
2408 2229 2580 2281 Metopa

268 2301 440 2351 jubetur
466 2299 698 2351 impellere,
737 2304 783 2339 ut
806 2299 988 2352 Judicet.
1027 2311 1117 2338 cum
1157 2299 1280 2339 verbo
1313 2300 1467 2350 γνῶναι
1503 2298 1567 2339 1110
1603 2311 1684 2340 11011
1722 2300 1818 2340 111311
1852 2301 1964 2340 110110
2003 2300 2263 2340 manifestum
2293 2301 2490 2350 faciendi,
2535 2307 2578 2340 ut

274 2370 476 2413 Boeckhio
507 2371 635 2411 visum
666 2374 750 2412 031.
792 2369 863 2410 3011
892 2370 1003 2410 nulla
1039 2370 1120 2409 alia
1153 2370 1213 2410 vis
1251 2374 1374 2421 atque
1411 2369 1681 2420 cognoscendi
1722 2370 1807 2411 sive
1837 2371 2112 2423 dijudicandi,
2155 2377 2196 2411 ct
2224 2371 2276 2411 ab
2306 2370 2494 2411 omnibus
2525 2383 2578 2420 se,

275 2443 343 2495 qui
372 2441 614 2491 audiebant,
652 2441 819 2492 probari
846 2446 1006 2492 poetam
1036 2441 1212 2481 voluisse
1241 2446 1443 2493 putemus.
1510 2440 1592 2481 Sed
1619 2454 1714 2482 vera
1745 2441 1864 2493 hujus
1895 2445 2042 2492 poetae
2068 2441 2345 2492 intelligentia
2374 2454 2456 2483 non
2486 2455 2578 2483 raro

276 2525 323 2554 eo
354 2510 528 2552 difficilis
557 2511 624 2562 fit,
659 2511 784 2562 quod,
815 2513 1021 2563 quomodo
1051 2512 1238 2552 homines
1261 2511 1373 2551 chori
1402 2511 1588 2551 cantibus
1618 2511 1718 2551 moti
1749 2517 1789 2551 et
1819 2511 1954 2552 affecti
1985 2512 2087 2562 sint,
2120 2512 2235 2552 nobis
2264 2517 2577 2563 repraesentare

275 2589 318 2625 et
347 2583 594 2635 cogitatione
622 2583 785 2634 assequi
814 2594 893 2623 non
920 2582 1040 2622 facile
1067 2594 1305 2634 possumus,
1337 2594 1424 2621 cum
1451 2594 1514 2621 res
1545 2581 1600 2621 sit
1631 2593 1655 2621 a
1685 2587 1831 2622 nostra
1858 2586 1995 2622 aetate
2027 2581 2243 2622 admodum
2272 2583 2420 2623 aliena.
2463 2582 2575 2632 Quod

275 2654 385 2696 cadit
414 2653 455 2694 in
485 2665 625 2694 omnes
656 2664 724 2693 003
752 2653 888 2704 10003,
936 2653 1081 2704 quibus
1119 2658 1240 2704 poeta
1277 2653 1327 2692 de
1366 2664 1407 2692 se
1446 2654 1534 2702 ipso
1574 2650 1774 2703 loquitur,
1816 2652 1882 2692 ubi
1925 2656 2057 2693 totum
2087 2652 2277 2693 effectum
2308 2657 2351 2694 et
2383 2659 2575 2705 tanquam

275 2737 437 2766 cursum
470 2724 661 2765 carminis
692 2724 907 2775 putaveris
934 2725 1084 2775 minui,
1129 2735 1261 2775 neque
1300 2724 1432 2763 minus
1470 2722 1510 2762 in
1550 2734 1642 2774 003,
1685 2722 1754 2763 11111
1795 2722 2020 2774 choreutis‚
2063 2728 2110 2764 ut
2142 2724 2181 2765 iu
2213 2724 2422 2776 Olympico
2451 2730 2575 2775 sexto,

275 2799 497 2848 praecepta
527 2794 687 2836 dantur.
747 2794 900 2844 Quodsi
931 2794 993 2835 hic
1021 2806 1096 2846 per
1125 2794 1292 2835 chorum
1322 2793 1509 2834 Hieronis
1548 2794 1697 2833 mentio
1736 2792 1783 2833 fit
1821 2798 1863 2833 et
1901 2805 1950 2834 ea
1982 2794 2073 2845 ipsa
2103 2794 2248 2845 verba2
2293 2795 2443 2847 quibus
2480 2796 2576 2835 haec

274 2866 508 2907 adhortatio
537 2867 660 2907 inest:
692 2866 817 2907 ὗίπόν
844 2868 1120 2917 μεμνᾶσθαι,
1152 2865 1257 2906 1110111
1286 2865 1351 2906 1110
1380 2864 1526 2905 chorus
1556 2863 1678 2916 canit,
1709 2876 1791 2916 qua
1810 2863 1886 2906 hoc
1915 2868 2156 2916 putaremus
2180 2877 2268 2908 esse
2292 2867 2334 2908 in
2364 2866 2573 2908 audientes

275 2937 336 2989 vi,
389 2937 466 2977 nisi
505 2936 597 2977 illos
634 2941 913 2978 statueremus
961 2937 1002 2977 in
1047 2936 1157 2977 chori
1202 2940 1323 2978 cantu
1365 2940 1447 2976 tam
1496 2933 1649 2975 defixos
1685 2933 1868 2976 haesisse
1918 2939 1960 2977 et
2000 2939 2216 2989 tantopere
2254 2937 2358 2978 idem
2398 2949 2484 2979 cum
2528 2948 2574 2977 eo

275 3006 474 3059 sensisse,
517 3010 564 3048 ut
603 3007 948 3059 quemadmodum
995 3006 1046 3048 ad
1085 3006 1252 3048 chorum
1294 3007 1352 3047 ita
1392 3005 1445 3046 ad
1484 3017 1528 3046 se
1569 3004 1672 3046 hanc
1718 3005 2049 3048 adhortationem
2086 3008 2314 3049 referrent?
2362 3008 2471 3058 Quae
2510 3018 2575 3047 res

274 3077 451 3119 fortasse
480 3078 521 3119 in
552 3090 598 3120 co
629 3090 794 3120 causam
820 3077 965 3130 habet,
1004 3078 1113 3131 quod
1146 3082 1312 3119 nost-rae
1347 3076 1496 3117 aetatis
1529 3076 1713 3117 homines
1745 3081 1837 3118 tota
1864 3078 2070 3119 sentiendi
2102 3085 2144 3120 et
2175 3079 2381 3130 cogitandi
2417 3078 2575 3119 ratione

275 3149 548 3201 maximopere
576 3148 773 3191 differunt
799 3148 850 3190 ab
880 3149 1146 3201 antiquitatis
1174 3148 1421 3199 horninibuS,
1461 3148 1530 3200 qui
1559 3159 1681 3188 sensu
1710 3148 1803 3200 plus
1836 3149 2028 3191 valebant
2059 3162 2181 3201 quam
2214 3152 2375 3192 ratione
2402 3154 2444 3191 et
2472 3150 2576 3190 sicut

275 3219 442 3272 puerilis
471 3224 590 3261 aetas
619 3225 811 3261 naturam
842 3223 1063 3271 sequentes
1093 3220 1155 3271 113,
1187 3230 1294 3271 quae
1312 3230 1354 3258 se
1376 3216 1615 3263 offerebant,
1643 3217 1803 3259 facilius
1821 3220 2194 3271 commovebantur,
2224 3233 2314 3262 cum
2345 3224 2573 3262 nostrorum

277 3289 332 3330 sit
360 3288 567 3331 hominum
610 3290 661 3331 ad
700 3291 837 3332 omnia
872 3291 1044 3331 rationis
1086 3290 1196 3341 leges
1233 3289 1380 3330 afferre
1420 3292 1462 3330 et
1501 3289 1705 3341 cogitare,
1748 3288 1815 3331 ubi
1855 3289 1911 3331 illi
1952 3291 2196 3333 sentiebant.
2264 3291 2428 3333 Accedit
2465 3290 2573 3341 quod
