3020 3869
1516 250 1539 290 6

365 390 470 433 Nam
496 390 694 445 judicium
726 403 806 433 non
835 390 1003 441 eodem,
1042 402 1122 443 quo
1153 391 1371 444 epinicium
1402 396 1567 434 cantum
1598 391 1672 442 sit,
1713 394 1897 444 tempore
1927 390 2157 434 faciendum
2185 391 2331 445 fuisse,
2373 393 2559 447 equidem
2591 394 2688 437 mihi

364 461 475 504 nullo
506 462 628 503 modo
659 474 826 514 possum
857 462 1123 515 persuadere.
1184 461 1293 511 Quid
1324 462 1431 515 quod
1465 462 1674 504 vocabulis
1703 459 1874 513 ἄγγελος
1901 466 1941 503 01
1973 461 2170 503 σκυτάλα
2198 461 2450 505 internuncii
2476 464 2686 519 cujusdam

365 534 574 575 notionem
610 534 743 575 inesse
775 538 1087 586 exspectamus,
1132 534 1195 575 cui
1236 539 1282 574 ut
1321 534 1538 586 epinicium
1576 533 1679 575 bene
1715 533 1948 585 excipiatur
1989 537 2030 574 et
2067 534 2287 586 probetur,
2332 535 2591 577 efficiendum
2621 537 2688 589 sit,

364 607 498 658 quod,
549 609 594 646 ut
632 610 792 646 taceam
834 604 883 645 de
932 605 1119 656 impulsis
1159 605 1213 646 ad
1254 605 1449 657 hymnum
1488 604 1716 646 canendum
1757 603 1987 656 choreutis,
2044 604 2097 644 ab
2137 605 2224 657 ipso
2264 607 2442 646 carmine
2479 607 2686 659 postulari

365 689 621 731 nequaquam
652 676 824 729 potest?

494 749 627 788 Alium
660 748 787 798 igitur
816 747 1045 787 vocativum
1091 746 1393 796 desideramus,
1428 759 1507 798 quo
1548 747 1582 787 is
1612 745 1899 798 compelletur,
1944 745 2060 798 cujus
2102 758 2220 797 opem
2255 751 2380 798 poeta
2408 748 2604 800 implorat
2632 748 2685 788 ad

363 821 524 860 animos
555 819 634 859 sibi
665 816 954 858 conciliandos.
1004 820 1257 867 Quamquam
1289 821 1425 856 autem
1457 817 1496 856 iu
1527 816 1604 857 hac
1631 817 1874 868 quaestione
1906 829 1930 856 a
1951 815 2175 857 Schmidtio
2204 822 2317 857 stare
2347 830 2518 869 nequeo,
2549 825 2685 859 tamen

364 902 539 941 magnas
570 891 604 929 ei
637 902 699 928 me
723 888 886 938 gratias
916 887 1068 927 habere
1097 886 1275 927 libenter
1302 887 1523 937 confiteor,
1554 887 1663 937 quod
1695 887 1744 927 de
1774 888 1995 927 certamine
2024 886 2197 938 quodam
2228 888 2517 937 cogitationem
2548 888 2588 928 in
2620 901 2684 929 me

365 961 524 1015 primus
562 958 781 1007 excitavit,
812 956 919 1008 quod
951 956 1071 1008 quale
1101 957 1167 1008 sit,
1197 970 1303 998 nunc
1333 957 1455 998 liceat
1486 969 1726 1009 proponere.
1786 957 2006 1007 Quaeritur
2033 956 2108 998 hoc
2137 956 2222 998 loco
2251 957 2450 1010 imprimis
2480 958 2530 998 de
2559 958 2685 1011 expli-

366 1030 526 1073 catione
567 1040 761 1069 versuum
803 1031 853 1068 &2
887 1031 927 1067 et
968 1029 1042 1079 823,
1095 1026 1144 1068 de
1186 1027 1334 1079 quibus
1373 1026 1458 1067 fere
1497 1031 1600 1079 quot
1638 1027 1890 1079 interpretes
1929 1031 1993 1068 tot
2032 1027 2275 1068 sententiae.
2344 1026 2400 1068 Ut
2440 1031 2598 1070 taceam
2634 1028 2683 1069 de

367 1100 548 1152 scholiis,
579 1098 813 1140 Boeckhius
844 1109 987 1147 versus
1017 1098 1056 1138 in
1101 1097 1209 1138 hunc
1244 1097 1329 1138 fere
1358 1097 1520 1139 modum
1553 1098 1696 1139 vertit:
1736 1098 1899 1139 videtur
1930 1098 2025 1139 nihi
2057 1098 2110 1139 ad
2137 1098 2317 1150 linguam
2347 1111 2437 1140 esse
2468 1112 2535 1141 cos
2563 1106 2683 1142 acute

367 1183 523 1214 sonans
550 1174 593 1212 et
624 1168 815 1221 stridula,
843 1167 1070 1221 quaemihi
1096 1168 1278 1221 linguam
1308 1172 1431 1210 acuat
1460 1171 1502 1210 et
1531 1168 1589 1210 ad
1618 1168 1839 1211 dicendum
1870 1169 1916 1211 id
1946 1169 2057 1223 quod
2087 1169 2278 1212 dicturas
2310 1184 2402 1212 sum
2430 1172 2578 1214 excitet
2608 1171 2683 1214 sub

365 1243 556 1284 dulcibus
593 1241 788 1282 carminis
826 1245 868 1280 et
913 1241 1287 1280 instrumentorum
1319 1242 1452 1291 sonis;
1498 1240 1567 1281 scl.
1607 1241 1700 1280 avia
1741 1241 1840 1281 mihi
1882 1248 1946 1281 est
1984 1242 2151 1294 Metopa
2188 1242 2466 1294 Stymphalia,
2522 1243 2681 1284 Thebes

363 1314 512 1355 matris
544 1325 660 1353 meae
688 1317 831 1352 mater.
893 1313 1025 1360 Quam
1064 1311 1373 1363 explicationem
1409 1311 1588 1352 Pindaro
1624 1312 1839 1362 indignam
1872 1324 1964 1352 esse
1996 1312 2226 1363 llartungio
2256 1312 2372 1353 facile
2401 1314 2681 1363 concesserim,

363 1396 615 1437 quamquam
646 1382 753 1434 quod
786 1382 889 1421 idem
921 1381 961 1421 in
996 1382 1126 1422 11111111
1157 1382 1301 1422 eximie
1344 1382 1394 1422 de
1424 1382 1602 1422 Pindaro
1632 1383 1821 1423 meritum
1856 1382 1928 1422 tali
1971 1382 2090 1422 modo
2129 1384 2316 1423 invectus
2346 1389 2430 1434 est,
2470 1396 2680 1436 nunquam

364 1454 559 1508 probabo.
629 1452 742 1502 Quod
779 1452 1039 1502 llartungius
1079 1452 1166 1504 ipse
1210 1454 1355 1492 vertit:
1406 1453 1474 1493 Ich
1513 1453 1628 1493 stelie
1665 1454 1703 1492 in
1744 1453 1833 1493 dem
1866 1453 2070 1493 Anschein
2109 1454 2209 1493 oder
2241 1453 2322 1494 ltus
2352 1455 2463 1494 eines
2493 1456 2680 1495 scliarfen

364 1524 637 1572 Wetzsteins,
674 1522 774 1562 oder
804 1522 936 1562 meino
963 1521 1102 1572 Zungc
1132 1522 1186 1562 ist
1217 1521 1473 1573 geschlifi'en,
1527 1521 1634 1573 quod
1677 1527 1892 1573 comparat
1930 1535 2018 1563 cum
2049 1523 2167 1573 Pyth.
2209 1523 2239 1572 I,
2276 1527 2347 1563 87:
2401 1524 2598 1580 ἀψευδεῖ
2633 1526 2679 1564 δὲ

363 1597 470 1646 πρὸς
498 1591 653 1644 ἅκ,1ιοι“ι
676 1591 856 1642 χεέλκῠιτ
886 1590 1110 1642 γλῶσσαν,
1141 1591 1181 1631 id
1210 1592 1243 1631 si
1273 1598 1396 1642 poeta
1427 1592 1646 1641 voluisset,
1677 1591 1785 1633 haud
1817 1593 1899 1633 scio
1929 1605 1982 1633 an
2011 1605 2093 1632 non
2124 1592 2260 1640 δόξαν
2298 1595 2379 1644 ἔχω
2409 1595 2485 1633 τιν’
2508 1594 2677 1646 εἰκόνας,

362 1664 433 1707 sed
464 1661 673 1717 ἐπ’ᾰκόνᾳ
702 1661 738 1703 11.
773 1674 807 1703 0.
834 1664 1006 1713 propter
1034 1666 1187 1711 cotem,
1217 1660 1289 1702 auf
1317 1660 1461 1703 Grund
1491 1662 1600 1703 eines
1632 1662 1692 1704 W.
1725 1662 1952 1715 scripturus
1984 1661 2143 1704 fuisset.
2204 1662 2415 1705 Schmidtii
2440 1664 2525 1717 jam
2555 1678 2679 1718 supra

361 1735 538 1777 vidimus
565 1733 829 1775 sententiam.
888 1731 1090 1784 L’crgkius
1121 1730 1256 1780 δόξαν
1288 1733 1369 1784 ἔχω
1399 1731 1496 1773 τινά
1543 1732 1638 1773 ferri
1670 1745 1748 1773 non
1778 1745 1898 1785 posse
1937 1733 2192 1775 contendens
2224 1733 2483 1775 scribendum
2515 1742 2677 1778 censet:

360 1805 497 1856 δόξαί·
528 1806 609 1856 ἔχω
638 1804 706 1844 τὶν
736 1804 808 1843 ἐπὶ
837 1802 1010 1858 γλώσσᾳ
1039 1802 1198 1850 εἰκόνας
1227 1804 1395 1854 λιγυρᾶς
1433 1809 1475 1844 01
1507 1804 1651 1844 vertit:
1691 1808 1814 1856 putas
1856 1804 1952 1844 mihi
1979 1809 2143 1844 acutam
2174 1809 2308 1845 cotem
2338 1806 2378 1846 in
2409 1806 2547 1857 lingua
2575 1819 2676 1848 esse.

362 1879 472 1920 Bene
511 1877 636 1917 etiam
674 1874 717 1915 T.
753 1873 1045 1915 Mommsenius
1081 1874 1186 1915 hunc
1226 1874 1266 1914 in
1306 1874 1471 1915 modum
1508 1875 1700 1927 explicat:
1743 1875 1810 1916 1011
1840 1874 1943 1916 habe
1973 1898 2026 1903 —
2065 1875 2138 1916 auf
2173 1875 2245 1916 der
2273 1876 2432 1928 Zungei
2475 1900 2527 1907 —
2557 1877 2678 1930 (statt

361 1961 433 1990 vor
463 1949 648 2000 Augeni)
678 1947 768 1986 01110
800 1947 877 1985 Art
908 1957 986 1984 von
1020 1946 1218 1996 Trugbild
1250 1946 1363 1985 eines
1393 1945 1646 1998 klingenden
1678 1946 1935 1997 Wetzsteins,
1969 1946 2139 1986 welches
2169 1958 2222 1986 an
2256 1948 2360 1986 mich
2393 1948 2470 1987 den
2504 1949 2675 2000 willigen

361 2018 667 2061 heranwandelt
688 2018 759 2057 mit
792 2018 894 2067 15110
917 2022 985 2067 zu)
1014 2016 1140 2056 sehon
1171 2016 1451 2056 rauschenden
1475 2016 1676 2067 Klangen.
1737 2018 1815 2058 Sed
1838 2022 1998 2058 tantum
2029 2018 2160 2069 abest,
2191 2023 2238 2058 ut
2258 2020 2434 2059 omnium
2467 2032 2677 2061 recensere

360 2090 590 2133 sententias
631 2093 673 2128 et
712 2100 839 2127 novas
879 2087 1076 2127 lectiones
1116 2087 1299 2138 proferre
1349 2087 1491 2138 velim,
1536 2089 1780 2138 praesertim
1824 2100 1914 2128 cum
1954 2090 2078 2128 etiam
2123 2089 2164 2128 in
2212 2089 2343 2129 altero
2383 2102 2526 2131 versu:
2575 2089 2605 2130 ἅ
2630 2093 2677 2142 μ’

361 2161 575 2202 ἐθέλοντα
622 2158 841 2211 moesiam,
884 2156 1143 2210 καλλιρόοισι
1184 2160 1338 2204 πνοαῖς
1395 2169 1646 2209 magnopere
1687 2158 1904 2198 discedant
1944 2159 2215 2211 interpretes,
2267 2165 2314 2199 ut
2361 2161 2463 2201 satis
2504 2161 2676 2202 habeam

361 2232 563 2282 docuisse,
592 2234 750 2282 quanta
771 2228 1005 2281 opinionum
1033 2228 1254 2268 diversitas
1276 2228 1341 2278 sit,
1371 2233 1412 2268 et
1446 2240 1550 2280 quae
1580 2227 1678 2268 mihi
1708 2228 1840 2268 inesse
1863 2229 2053 2269 videatur
2074 2230 2294 2282 sententia,
2324 2229 2435 2270 brevi
2463 2243 2676 2283 exponere.

492 2300 664 2343 Pindari
705 2299 960 2340 consuetudo
1002 2299 1105 2350 fert,
1156 2304 1198 2338 ut
1246 2298 1362 2338 liuh-s
1408 2310 1549 2339 sacros
1590 2299 1666 2339 sibi
1708 2299 2016 2339 incitamentum
2056 2312 2146 2340 esse
2185 2299 2295 2341 dicat
2341 2300 2393 2340 ad
2435 2302 2674 2343 canendum.

361 2373 559 2416 Comei-as
600 2372 656 2412 sis
698 2370 859 2423 Olymp.
908 2370 945 2421 I,
978 2373 1020 2410 8:
1075 2367 1185 2410 ὅθεν
1220 2369 1316 2419 (ἀπ’
1341 2369 1588 2422 Ὀλιῃιιπιίις)
1629 2370 1650 2409 ὁ
1703 2369 1951 2424 πολιῖᾳιιῑος
1997 2368 2125 2424 ἶν’μνος
2172 2370 2492 2425 ιίμᾳιβάλλεται
2528 2376 2676 2426 σοφῶν

357 2515 508 2558 ibidem
533 2513 642 2565 quod
673 2518 794 2564 poeta
826 2515 991 2551 1015117
1027 2512 1124 2550 dicit
1164 2512 1378 2551 victoriam
1410 2523 1433 2550 a
1472 2524 1516 2551 se
1547 2523 1715 2563 poscere
1757 2514 1882 2550 roam
1918 2513 2171 2564 ωοδμιιιοι·
2207 2519 2346 2565 χρέος,
2381 2513 2593 2567 φόρμιγγά
2629 2530 2672 2554 11

360 2584 661 2637 ποικιλόγαρυν
689 2583 760 2622 καὶ
792 2583 902 2636 βοιέν
933 2581 1078 2622 ιειῗλιῦν
1105 2583 1235 2621 &mon
1278 2596 1323 2621 τε
1359 2586 1484 2623 ὓέσιν
1516 2606 1566 2610 -
1598 2585 1833 2635 συμμῖξαι,
1867 2594 2000 2624 11011110
2029 2583 2142 2625 dicas
2172 2583 2265 2625 111110
2293 2596 2382 2626 011111
2413 2589 2554 2626 nostro
2584 2585 2673 2628 loco

358 2668 560 2699 summam
600 2655 910 2696 similitudinem
954 2654 1076 2694 esse?
1125 2653 1203 2694 Sed
1255 2664 1353 2694 cave
1401 2658 1519 2705 putes
1563 2653 1786 2695 Pindarum
1829 2653 1890 2695 1110
1932 2655 1984 2696 (10
2028 2655 2199 2695 victoria
2237 2656 2470 2706 cogitasse,
2520 2660 2566 2697 ut
2604 2656 2672 2708 qui

361 2727 462 2770 talia
504 2737 665 2777 semper
717 2726 757 2765 in
812 2725 930 2764 initio
981 2725 1171 2765 carminis
1210 2724 1407 2775 posuerit.
1465 2724 1599 2764 Versu
1639 2728 1683 2764 Sl
1731 2729 1869 2765 autem
1911 2726 2123 2777 proprium
2174 2726 2392 2777 epinicium
2429 2726 2467 2767 11.
2511 2738 2545 2766 0.
2585 2727 2673 2768 111115

361 2798 540 2851 Agesiae
572 2800 614 2837 et
630 2796 884 2838 ,Iamidarum
914 2795 1107 2836 adfinem
1138 2795 1380 2847 perductum
1412 2799 1473 2835 est
1504 2799 1545 2836 et
1577 2799 1720 2847 restat,
1752 2800 1799 2836 ut
1824 2800 1945 2847 poeta
1975 2796 2024 2837 de
2056 2807 2099 2837 se
2130 2796 2241 2837 etde
2266 2796 2367 2848 loco,
2395 2796 2463 2838 ubi
2493 2801 2674 2848 canetur,

358 2876 398 2911 et
443 2869 493 2909 de
535 2868 776 2909 canentibus
816 2867 940 2906 dicat.
999 2868 1111 2914 Quas
1152 2878 1216 2906 res
1254 2871 1372 2906 extra
1415 2867 1576 2917 epinicii
1614 2867 1714 2907 fines
1756 2868 1912 2918 positas
1941 2880 2030 2908 cum
2060 2871 2289 2918 tractaret,
2329 2868 2427 2908 nihil
2468 2869 2503 2909 ei
2543 2869 2672 2919 magis

361 2940 473 2982 cordi
504 2951 596 2981 esse
626 2938 813 2988 debebat,
847 2949 969 2988 quam
1000 2940 1048 2977 111
1077 2949 1240 2978 carmen
1271 2949 1391 2978 suum
1421 2937 1667 2987 probaretur
1686 2950 1813 2988 eoque
1842 2937 1881 2978 id
1902 2939 2043 2989 magis,
2076 2937 2184 2989 quod
2203 2938 2446 2989 Stymphali,
2476 2939 2673 2980 Arcadiae

357 3012 397 3052 in
431 3009 594 3062 oppido,
626 3009 797 3050 victoria
817 3007 1117 3058 celebrabatur,
1146 3020 1226 3059 qua
1257 3008 1296 3048 in
1324 3008 1489 3058 regione
1519 3007 1695 3049 fortasse
1718 3013 1801 3049 tum
1824 3009 2000 3059 primum
2018 3008 2186 3050 Pindari
2217 3008 2362 3050 chorus
2390 3008 2671 3053 exhibebatur.

355 3085 395 3123 ct
425 3081 492 3122 ubi
532 3080 693 3133 placere
724 3079 892 3120 Pindari
923 3078 1109 3120 Thebani
1151 3078 1295 3119 mirum
1335 3083 1530 3129 quantum
1577 3079 1789 3121 intererat.
1847 3079 2134 3120 Intercedebat
2172 3079 2299 3130 igitur
2333 3079 2443 3120 inter
2473 3080 2670 3121 Boeotum

353 3164 443 3193 011111
477 3155 567 3192 1010
597 3150 746 3203 populo
787 3161 860 3190 suo
900 3149 1010 3201 apud
1041 3148 1224 3190 Graecos
1270 3149 1375 3189 male
1417 3149 1649 3190 audientem
1691 3155 1730 3190 01
1763 3150 1979 3190 Arcadiam
2011 3150 2199 3190 cantibus
2230 3150 2395 3190 minime
2427 3150 2670 3192 destitutam

352 3223 527 3264 certatio
560 3221 786 3273 quaedam,
826 3221 889 3262 cui
925 3224 969 3262 ut
1000 3222 1188 3272 optatura
1219 3224 1412 3261 eventum
1445 3220 1585 3271 daret,
1624 3233 1752 3273 neqim
1792 3234 1815 3261 a
1846 3234 1888 3261 se
1921 3233 2051 3272 neque
2089 3220 2140 3261 ab
2172 3221 2308 3261 Aeaea
2339 3231 2470 3272 neque
2501 3220 2553 3262 ab
2588 3221 2668 3262 ullo

351 3293 535 3344 homine,
584 3293 655 3333 sed
694 3296 862 3333 tantum
901 3304 925 3332 a
963 3292 1149 3342 numine,
1201 3303 1224 3331 a
1274 3304 1449 3343 persona
1491 3292 1627 3333 divina
1670 3293 1895 3343 impetrare
1936 3296 2110 3343 poterat.
2171 3290 2296 3343 Cujus
2342 3304 2433 3332 cum
2475 3292 2668 3333 auxilium

2343 3773 2345 3775 μ
2504 3746 2537 3768 9⁶
