3020 3869
1411 259 1432 298 5

398 394 674 445 Aggredimur
708 405 815 436 nunc
845 394 897 436 ad
932 406 1022 437 eam
1060 395 1366 449 quaestionem,
1405 396 1501 450 quid
1542 396 1593 438 de
1631 395 1870 438 difficillima
1906 396 2027 451 huJus
2064 398 2257 438 carminis
2284 403 2403 451 parte
2437 399 2529 440 inde
2558 413 2583 442 a

269 476 392 506 versu
422 467 468 506 81
514 476 642 517 usque
682 463 733 507 ad
774 476 939 508 versum
979 469 1024 508 91
1064 465 1330 519 judicandum
1370 460 1628 517 censeamus,
1681 470 1777 507 ante
1814 468 1973 517 omnia,
2020 468 2088 518 qui
2128 470 2212 508 sint
2248 468 2407 522 ἑταῖροι
2444 469 2500 510 illi
2541 474 2583 510 et

270 537 427 578 Aeneas
457 534 645 578 habendi.
704 535 822 587 Quod
852 548 932 579 non
965 536 1083 579 nimis
1115 536 1278 580 difficile
1307 542 1371 580 est
1400 537 1643 591 dijudicare,
1679 549 1767 579 cum
1798 538 1975 579 animum
2009 539 2240 580 adverteris
2269 540 2322 580 ad
2350 551 2513 581 versum
2537 544 2577 581 7:

759 606 1007 661 ἐπικύρσαις
1036 608 1253 663 ἀφθόνων
1281 609 1429 651 οἰστῶν
1458 610 1505 649 ἐι·
1538 608 1729 662 ἱμερταῖς
1758 609 1939 660 ἀοιδαῖς,

269 679 339 731 qui
368 678 500 720 ἀστοί
526 690 607 719 non
641 684 739 719 sunt
770 690 910 720 omnes
940 679 1069 731 civeS,
1111 680 1182 721 sed
1222 685 1359 721 certus
1389 692 1582 721 numerus
1621 693 1786 729 eorum,
1828 680 1978 731 quibus
2008 680 2160 720 invidia
2190 680 2426 721 carentibus
2458 693 2581 722 versu

270 753 320 791 74
349 753 615 803 opponuntur
642 749 781 792 invidi.
840 750 913 792 Cui
943 751 1172 793 sententiae
1203 763 1283 793 non
1315 752 1483 793 obstant
1514 763 1583 800 ea,
1627 763 1730 804 quae
1762 750 1902 803 paullo
1933 754 2029 803 post
2058 751 2097 792 in
2131 751 2364 792 universum
2392 751 2500 793 dicta
2528 752 2579 793 ad

269 820 429 863 laudem
460 820 692 873 augendam
723 821 864 862 addita
894 826 1012 863 sunt:

760 892 910 933 πολλοὶ
940 893 989 933 δὲ
1017 898 1259 944 μέμνανται
1284 893 1414 933 καλὸν
1444 893 1490 932 εἴ
1508 908 1546 933 τι
1576 895 1767 947 ποναθῇ,

269 963 416 1015 quibus
445 962 532 1003 fere
561 961 637 1003 hoc
665 962 793 1004 inest:
824 967 866 1004 et
896 976 944 1004 eo
974 963 1110 1005 minus
1140 963 1273 1004 ἀστοί
1296 964 1353 1005 illi
1384 964 1458 1005 tibi
1488 963 1685 1015 invident,
1717 976 1806 1004 cum
1841 963 2004 1005 omnino
2037 963 2090 1004 ab
2120 962 2350 1005 hominibus
2381 975 2442 1015 ea,
2472 976 2579 1017 quae

269 1034 461 1086 periculis
491 1038 533 1074 et
561 1033 771 1075 laboribus
810 1037 1050 1086 comparata
1088 1037 1206 1085 sunt,
1243 1034 1363 1076 laude
1402 1035 1527 1087 digna
1563 1034 1655 1075 duci
1694 1034 1865 1076 soleant.
1924 1033 2121 1076 Conferas
2159 1035 2281 1075 etiam
2313 1046 2472 1076 versum
2515 1039 2579 1088 99,

270 1117 348 1158 quo
387 1105 514 1145 Hiero
555 1109 769 1145 cantorum
819 1105 980 1146 turbam
1024 1118 1047 1147 e
1083 1106 1220 1157 patria
1260 1106 1436 1148 Arcadia
1486 1106 1524 1146 in
1575 1106 1752 1158 patriam
1798 1105 2023 1159 Syracusas
2079 1110 2353 1147 revertentem
2406 1106 2579 1160 benigne

270 1176 456 1228 excipere
486 1175 671 1228 jubetur.
730 1175 869 1217 Ἀστοί
892 1176 1020 1228 igitur
1049 1175 1106 1218 illi
1139 1180 1237 1218 sunt
1265 1177 1462 1228 gentilicii
1492 1177 1665 1229 Agesiae
1696 1189 1717 1217 c
1751 1175 2007 1217 Jamidarum
2039 1181 2175 1228 gente,
2207 1177 2276 1228 qui
2305 1181 2347 1218 et
2368 1178 2578 1230 Syracusis

269 1251 312 1289 et
339 1246 580 1301 Stymphali,
611 1247 716 1289 unde
747 1259 847 1300 gens
877 1252 969 1289 erat
997 1248 1183 1299 oriunda,
1212 1247 1374 1290 domum
1404 1246 1625 1300 habebant,
1654 1247 1792 1300 amici,
1821 1248 2009 1301 comites,
2040 1248 2260 1289 necessarii
2293 1249 2478 1301 victoris,
2508 1250 2577 1302 qui

269 1331 357 1360 cum
397 1319 467 1359 alii
515 1318 697 1359 homines
739 1318 891 1359 invidia
932 1320 1151 1371 capiantur
1198 1318 1255 1372 (V.
1302 1320 1391 1371 74),
1430 1319 1586 1360 invidia
1630 1322 1671 1359 in
1712 1319 1885 1371 Agesiae
1933 1320 2104 1360 victoria
2146 1324 2290 1360 carent
2331 1317 2576 1373 (ἄφθονοι).

269 1391 449 1431 Aeneam
493 1393 629 1429 autem
678 1400 768 1429 cum
809 1388 1044 1441 Hal-tungio
1088 1401 1332 1441 persuasum
1379 1389 1509 1429 habeo
1556 1393 1599 1429 et
1644 1390 1775 1441 ipsum
1822 1402 1844 1430 e
1882 1390 2056 1431 Jamidis
2101 1389 2250 1441 fuisse,
2302 1390 2371 1441 qui
2409 1390 2578 1432 chorum

268 1460 534 1511 instruxerit,
577 1471 823 1512 quamquain
863 1472 961 1501 num
999 1459 1076 1501 hoe
1108 1472 1274 1502 munere
1311 1471 1473 1513 semper
1511 1459 1678 1501 functus
1717 1460 1772 1500 sit
1813 1460 1852 1500 in
1886 1460 2008 1501 dubio
2040 1459 2238 1512 relinque.
2298 1460 2439 1512 Neque
2471 1462 2577 1501 enim

268 1531 381 1574 chori
411 1531 654 1583 magistrum
690 1531 863 1584 pecunia
893 1530 1136 1573 conductum
1165 1543 1254 1573 eum
1286 1543 1376 1574 cum
1412 1531 1636 1573 scholiasta
1672 1530 1864 1582 dixerim,
1904 1534 1945 1572 et
1974 1543 2047 1571 cur
2076 1531 2211 1583 hymni
2244 1535 2453 1572 auctorem
2486 1545 2576 1573 eum

268 1602 392 1643 nolim
420 1606 567 1654 putare
597 1614 645 1641 ex
675 1603 746 1653 iis,
788 1613 892 1653 quae
934 1602 1079 1642 dehinc
1118 1602 1357 1653 disputabo,
1396 1602 1627 1652 apparebit.
1686 1603 1911 1651 Quaeritur
1940 1603 2069 1653 enim,
2111 1602 2220 1653 quod
2253 1603 2308 1644 sit
2344 1603 2577 1655 imperativi

268 1672 445 1726 ὄτρυνον
484 1676 561 1713 νῦν
599 1674 789 1725 ἑταίρους
830 1674 1069 1725 subjectum.
1128 1672 1356 1715 Secundum
1394 1672 1609 1724 vulgarem
1648 1672 1923 1725 interpretum
1958 1671 2204 1715 sententiam
2238 1672 2396 1716 Aeneas
2428 1676 2493 1716 est
2529 1674 2578 1726 is,

268 1747 336 1799 qui
366 1745 494 1787 socios
529 1757 554 1786 a
590 1748 712 1796 poeta
737 1744 904 1797 jubetur
943 1743 993 1786 ad
1024 1742 1251 1786 canendum
1280 1743 1471 1796 incitare,
1512 1754 1642 1797 neque
1674 1747 1819 1785 contra
1849 1746 2039 1785 naturam
2070 1747 2134 1785 est
2164 1742 2240 1785 hoc
2265 1746 2463 1786 statuere.
2522 1746 2575 1785 At

269 1829 357 1858 curn
396 1816 724 1866 consideramus,
763 1815 901 1868 qualia
932 1816 1093 1856 Aeneae
1128 1814 1185 1856 illi
1212 1814 1255 1856 in
1290 1814 1498 1867 versibuS,
1541 1815 1609 1867 qui
1639 1816 1935 1868 insequuntur,
1974 1815 2223 1868 appositive,
2265 1819 2313 1857 ut
2341 1816 2403 1857 ita
2434 1816 2577 1868 dicam,

267 1887 571 1930 attribuantur:

650 1958 748 2000 ἐσσὶ
771 1957 851 2011 γάρ
877 1954 1047 2011 ἄγγελος
1066 1955 1212 2010 ὀρθὸς,
1241 1955 1439 2012 ἠϋκόμων
1466 1956 1661 1998 σκυτάλα
1677 1959 1868 2010 Μοισᾶν,
1900 1957 2049 2009 γλυκιῗς
2075 1958 2235 2011 κρατῇρ
2262 1957 2578 2011 ἀγαφθέγκτων

1527 2027 1697 2079 ἀοιδᾶν,

268 2114 349 2142 non
390 2100 617 2153 poterimus
664 2110 754 2140 cum
793 2097 1015 2140 Schmidtio
1064 2101 1204 2138 nostro
1244 2109 1325 2138 non
1363 2097 1613 2149 consentire,
1666 2098 1733 2150 qui
1773 2097 1852 2139 illis
1891 2098 2140 2150 imaginibus
2182 2099 2362 2139 Aeneam
2401 2098 2578 2149 pessime

267 2175 456 2213 notatum
487 2181 577 2212 esse
608 2169 819 2211 intellexit.
876 2168 1070 2222 Ejusdem
1102 2167 1177 2208 viri
1206 2167 1431 2209 doctissimi
1463 2167 1513 2208 de
1543 2167 1620 2209 hoc
1650 2168 1737 2209 loco
1768 2169 2016 2210 sententiam
2045 2181 2136 2210 eum
2166 2180 2464 2220 cognoscerem,
2492 2180 2574 2209 non

267 2243 370 2282 satis
404 2242 520 2295 potui
557 2241 846 2290 sagacitatem,
887 2251 969 2290 qua
1013 2247 1079 2279 est
1118 2239 1369 2289 excogitata,
1418 2238 1627 2281 admirari.
1696 2238 1809 2281 Cotis
1850 2240 1956 2281 enim
1995 2240 2037 2281 in
2080 2252 2202 2281 versu
2242 2241 2292 2281 82
2332 2239 2575 2281 memoratio

268 2313 534 2354 Schmidtium
566 2326 614 2353 eo
645 2312 836 2361 adduxit,
864 2316 910 2351 ut
935 2316 1142 2351 certamen
1170 2307 1336 2361 aliquod
1364 2307 1541 2352 Pindaro
1571 2321 1661 2353 cum
1688 2309 1770 2354 alio
1800 2309 1978 2364 quodam
2008 2313 2133 2365 poeta
2164 2308 2419 2364 Stymphalio
2451 2308 2575 2352 fuisse

268 2384 547 2436 contenderet,
575 2397 655 2425 non
677 2382 885 2435 proprium
915 2382 956 2424 id
977 2393 1068 2423 cuin
1090 2379 1268 2435 ejusdem
1297 2379 1522 2423 carminum
1542 2380 1705 2433 generis
1734 2385 1868 2436 poeta,
1899 2381 1970 2423 sed
1989 2392 2078 2423 curn
2101 2380 2253 2436 hymni,
2282 2381 2352 2434 qui
2384 2392 2507 2422 versu
2525 2384 2573 2421 89

267 2462 530 2508 memoratur,
563 2458 734 2497 auctore
764 2455 912 2496 Aenea.
972 2453 1088 2495 Hane
1114 2465 1198 2494 rem
1225 2453 1288 2494 vir
1317 2451 1385 2494 ille
1414 2452 1511 2495 dicit
1534 2452 1714 2495 Pindaro
1743 2454 1911 2496 stimulo
1940 2454 2080 2505 fuisse,
2109 2457 2150 2493 et
2167 2453 2330 2493 Aeneae
2347 2451 2571 2494 Pindarum

267 2541 338 2579 ea,
369 2539 474 2580 quae
500 2526 552 2567 ad
583 2526 750 2567 deorum
785 2526 938 2567 cultum
967 2526 1242 2577 pertinerent,
1282 2523 1465 2564 canenda
1498 2523 1674 2565 libenter
1703 2526 1975 2575 concessisse,
2015 2535 2103 2564 cuin
2132 2523 2209 2563 sibi
2238 2524 2327 2576 ipse
2357 2523 2571 2576 epinicium

267 2602 448 2641 sumeret
480 2595 719 2640 canendum.
777 2595 864 2639 Huc
902 2596 1026 2638 etiam
1056 2593 1310 2638 referendum
1346 2606 1455 2646 esse,
1500 2595 1611 2647 quod
1642 2606 1763 2636 versu
1799 2599 1843 2636 19
1875 2596 2005 2646 dicat,
2048 2606 2092 2634 se
2122 2606 2202 2634 non
2242 2607 2333 2635 osse
2363 2594 2415 2635 ad
2446 2595 2572 2635 rixam

265 2673 520 2723 promptum3
548 2678 795 2721 quamquam
815 2666 1002 2720 equidem
1025 2677 1107 2706 non
1135 2666 1347 2718 perspicio,
1373 2665 1470 2716 quid
1491 2666 1664 2716 epinieio
1686 2677 1779 2706 eum
1807 2667 1956 2716 hymno
1986 2666 2053 2715 sit,
2084 2669 2132 2705 ut
2155 2666 2210 2705 sit
2240 2678 2366 2706 causa
2398 2664 2569 2706 rixandi.

266 2740 463 2791 Quoniam
494 2743 632 2780 autem
663 2737 831 2779 Pindari
861 2738 1037 2779 multum
1069 2738 1269 2778 interesse
1301 2736 1508 2785 debuerit,
1537 2740 1583 2776 ut
1611 2748 1774 2776 carmen
1806 2736 1890 2788 ejus
1921 2735 1973 2776 ab
2004 2735 2146 2776 Aenea
2176 2739 2216 2776 et
2246 2735 2335 2789 ejus
2366 2734 2571 2777 choreutis

263 2810 523 2864 probaretur,
553 2808 803 2852 Schmidtius
829 2808 962 2861 ipsum
991 2811 1153 2861 poetam
1180 2810 1302 2860 putat
1332 2805 1421 2847 illos
1436 2805 1607 2858 jussisse
1636 2806 1809 2857 primum
1830 2806 2026 2857 hymnum
2049 2807 2212 2847 Aeneae
2235 2819 2397 2849 canere.
2427 2804 2571 2847 deinde

259 2881 445 2936 judicare
482 2892 577 2922 num
612 2879 815 2921 Pindarus
850 2878 1115 2931 opprobrium
1152 2879 1398 2919 Boeotorum
1439 2877 1583 2928 evitet,
1630 2877 1762 2928 ipsum
1791 2882 1957 2929 poetam
2000 2878 2112 2928 dico,
2152 2889 2246 2917 nam
2286 2877 2430 2919 verba:
2474 2875 2569 2918 ἐσσὶ

263 2953 343 3006 γάρ
361 2976 401 2981 --
432 2952 590 2992 αόιδᾶι·
608 2951 855 2993 Schmidtius
885 2951 944 2991 ita
965 2950 1179 3001 intellegit,
1204 2953 1248 2991 ut
1267 2952 1426 3001 poetam
1449 2960 1493 2989 se
1517 2951 1557 2988 et
1578 2959 1741 2988 carmen
1761 2960 1880 2989 suum
1899 2960 1982 2989 una
2003 2960 2180 3001 persona
2200 2946 2568 3001 comprehendisse,

263 3023 448 3065 vocativo
478 3022 606 3075 igitur
635 3034 733 3063 casu
762 3021 889 3062 verba
923 3020 1117 3061 σκυτάλα
1147 3021 1326 3060 Μοισᾶν
1353 3021 1395 3059 et
1422 3017 1569 3070 γλυκῦς
1598 3017 1759 3073 κρατήρ
1798 3019 2073 3070 intellegenda
2108 3018 2346 3060 arbitretur.
2402 3018 2489 3068 Qua
2527 3018 2568 3060 in

263 3106 307 3136 re
335 3094 425 3135 ideo
440 3093 613 3145 offendo,
642 3092 748 3146 quod
776 3091 901 3133 verba
927 3092 966 3133 in
995 3092 1179 3133 vocativo
1199 3090 1349 3143 posita,
1377 3101 1483 3142 quae
1511 3088 1672 3142 poetica
1696 3088 1876 3141 imagine
1900 3114 1941 3119 —
1966 3090 2065 3131 ἐσσὶ
2084 3089 2163 3143 γάρ
2183 3085 2353 3142 ἄγγελος
2369 3088 2567 3141 ὀρθός-

263 3178 286 3207 e
307 3163 520 3207 Schmidtii
547 3163 710 3206 ratione
741 3166 1008 3215 exornantur,
1033 3174 1112 3204 non
1140 3160 1331 3215 propriae
1353 3163 1450 3202 sunt
1472 3159 1662 3221 carminis
1692 3160 2043 3213 significationes,
2075 3160 2145 3201 sed
2177 3164 2220 3200 et
2241 3160 2330 3213 ipsa
2359 3158 2569 3210 imagines.

261 3236 488 3277 Praeterea
518 3238 656 3276 autem
686 3234 755 3286 qui
781 3232 879 3275 ferri
908 3236 1058 3285 potest,
1089 3231 1210 3285 quod.
1238 3242 1329 3273 cum
1349 3230 1598 3272 Schmidtius
1630 3231 1730 3271 velit
1749 3233 1969 3284 epinicium
1992 3232 2070 3273 diei
2101 3232 2197 3272 festi
2227 3231 2436 3272 exordium
2468 3242 2568 3270 esse,

262 3310 348 3349 tum
388 3304 549 3347 demum
588 3303 727 3358 hymni
775 3303 997 3346 choreutae
1039 3303 1088 3345 de
1129 3302 1302 3356 epinicio
1337 3301 1525 3355 judicare
1558 3300 1775 3355 jubentur,
1826 3314 1917 3344 cum
1959 3303 2150 3355 hymnum
2187 3303 2273 3354 jam
2318 3299 2567 3342 cecinerint?
